2056 3235
797 667 1304 742 Praefatia

230 1049 365 1104 Duae
403 1060 632 1116 praecipue
674 1074 739 1101 me
784 1058 1049 1114 impulerunt
1098 1058 1312 1109 rationes,
1368 1061 1417 1098 ut
1468 1054 1520 1097 de
1565 1054 1668 1097 Dec.
1707 1053 1868 1111 Magno

230 1131 447 1185 Ausonio,
484 1131 775 1174 Romanorum
813 1134 943 1186 poeta
979 1129 1095 1172 haud
1134 1128 1305 1184 quidem
1344 1126 1742 1183 praestantissimo,
1784 1140 1869 1181 qua

231 1217 399 1258 possem
438 1203 667 1258 diligentia
703 1202 837 1244 verba
876 1202 1073 1243 facerem.
1140 1201 1206 1242 Ac
1243 1201 1381 1254 prima
1421 1203 1508 1250 est,
1548 1198 1662 1252 quod
1700 1198 1870 1240 Ausoni

231 1275 395 1331 scripta
424 1274 562 1318 adhuc
582 1272 862 1317 'tenebricosa
890 1272 1154 1329 indignoque
1183 1271 1307 1314 modo
1348 1273 1550 1325 corrupta
1586 1270 1731 1312 iacent
1760 1283 1870 1312 eam-

233 1360 315 1401 que
344 1346 398 1388 ob
428 1360 517 1387 rem
548 1346 795 1387 criticorum
824 1358 999 1385 manum
1028 1344 1304 1397 studiumque
1335 1343 1558 1384 doctorum
1586 1342 1771 1383 maxime
1802 1342 1867 1382 de-

232 1416 443 1470 siderant,-
480 1417 619 1460 altera.
635 1450 644 1468 ,
685 1415 798 1476 quod
827 1414 1014 1458 nondum
1045 1415 1272 1470 quisquam
1305 1413 1356 1457 de
1385 1413 1505 1455 illius
1533 1418 1686 1469 poetae
1715 1426 1871 1468 genere

234 1488 403 1531 dicendi
432 1489 696 1543 disputavit,
738 1482 869 1541 quum
899 1501 949 1528 ea
979 1487 1178 1529 omnibus
1213 1487 1300 1528 fere
1330 1486 1620 1528 Romanorum
1656 1486 1871 1539 scriptori·

233 1560 316 1603 bus
353 1575 444 1603 sors
482 1560 735 1616 contigerit,
777 1564 850 1611 ut,
891 1574 1119 1613 quamnam
1159 1558 1419 1614 peculiarem
1458 1557 1628 1600 dicendi
1662 1556 1872 1599 haberent

234 1632 447 1675 rationem
476 1631 768 1686 indagaretur.
825 1630 1023 1685 Namque
1052 1631 1207 1672 mirum
1236 1634 1446 1684 quantum
1474 1629 1695 1671 Ausonius
1732 1628 1870 1670 adhuc

217 1718 337 1758 -prae
368 1703 521 1746 ceteris
550 1702 841 1744 Romanorum
871 1702 1154 1757 scriptoribus
1176 1702 1402 1758 neglectus
1432 1706 1510 1745 est.
1567 1700 1679 1743 Nam
1709 1701 1746 1742 si
1775 1701 1872 1755 quis·

56 1783 66 1793 ·
111 1807 114 1814 .
173 1769 176 1772 ’
236 1774 292 1817 ad
328 1774 495 1821 Ausoni
551 1773 742 1815 codicum
800 1775 1107 1817 auctoritatem
1156 1775 1384 1829 respiciat,
1440 1787 1645 1829 magnum
1702 1773 1873 1828 quidem

198 1885 203 1888 η
237 1860 383 1890 eorum
424 1859 670 1899 numerum,
729 1845 802 1888 sed
853 1846 962 1889 alios
1022 1846 1152 1889 aliter
1190 1845 1449 1901 depravatos
1493 1844 1797 1900 deprehendat.
1829 1844 1872 1898 ³³)

233 1918 384 1973 Neque
424 1918 561 1960 multo
603 1918 752 1960 melior
790 1919 1028 1960 editionum
1071 1916 1263 1960 condicio
1303 1923 1381 1960 est.
1459 1916 1622 1965 Qarum
1665 1932 1869 1959 numerus

174 2013 177 2016 >
236 1988 353 2032 haud
409 1990 614 2047 exiguus,
670 1989 745 2031 sed
801 2003 947 2032 omnes
1004 2003 1056 2031 ex
1113 1989 1265 2031 iisdem
1311 2002 1447 2043 paene
1495 1988 1700 2031 laborant
1737 1989 1872 2031 vitiis.

237 2060 395 2115 Itaque
436 2060 678 2115 permultae
729 2061 868 2103 adhuc
909 2060 1188 2102 Ausonianae
1225 2061 1415 2106 ¹orationi
1453 2060 1688 2102 adhaerent
1734 2074 1875 2102 macu-

236 2131 324 2184 lae,
362 2145 472 2186 quae
508 2131 683 2174 tandem
713 2137 807 2175 arte
838 2133 1010 2184 critica,
1047 2133 1191 2186 posita
1220 2133 1265 2173 in
1295 2131 1514 2174 codicibus
1545 2132 1778 2188 diligenter
1807 2146 1874 2174 ex-

238 2204 375 2245 cussis
427 2216 477 2244 ac
534 2204 718 2258 singulis
786 2208 938 2259 poetae
1007 2203 1270 2245 carminibus
1326 2208 1528 2245 accurate
1586 2202 1875 2258 perlustratis,

239 2274 443 2317 eluantur
476 2289 649 2317 necesse
684 2281 762 2318 est.
838 2276 1016 2318 Utinam
1055 2290 1153 2317 mox
1192 2275 1386 2318 Ausonio
1428 2277 1649 2318 exoriatur
1685 2275 1876 2318 Aristar·

240 2345 367 2388 chus!
403 2368 456 2374 —-
494 2345 692 2401 Denique
722 2347 773 2388 ad
806 2347 1002 2389 criticum
1034 2351 1292 2402 apparatum
1328 2347 1441 2402 quod
1479 2347 1640 2389 attinet
1656 2379 1666 2399 ,
1695 2347 1877 2402 pennul-

239 2421 331 2460 tum
363 2418 535 2471 quidem
564 2419 818 2471 profuerunt
847 2419 914 2459 illi
943 2419 1062 2461 docti
1092 2419 1194 2470 viri,
1234 2420 1308 2472 qui
1345 2424 1488 2461 totum
1526 2419 1770 2461 Ausonium
1804 2419 1873 2461 vel

238 2489 333 2532 eius
371 2502 547 2544 operum
583 2493 752 2544 partem
790 2489 1070 2544 interpretati
1110 2494 1232 2541 sunt,
1273 2490 1413 2533 multa
1450 2494 1597 2532 tamen
1624 2489 1755 2532 iidem
1781 2489 1877 2532 reli-

169 2591 171 2593 ·
207 2566 450 2676 v*xerunm
485 2560 641 2615 quibus
671 2575 800 2615 opera
830 2561 1106 2616 studiumque
1137 2561 1360 2605 doctorum
1389 2562 1527 2605 adhuc
1556 2562 1741 2604 maxime
1771 2576 1878 2617 opus

262 2637 356 2675 unt.
424 2633 682 2676 Recentiore
720 2638 913 2689 tempore
951 2648 1091 2689 pauca
1129 2638 1302 2677 tantum
1331 2634 1498 2676 Ausoni
1534 2635 1749 2688 carmina,
1792 2650 1876 2676 non

240 2708 343 2760 tam*
362 2706 644 2760 grammatice
675 2720 804 2759 quam
833 2706 983 2747 critice
1013 2707 1244 2758 recensita,
1275 2720 1379 2748 cura
1408 2706 1631 2748 doctorum
1659 2706 1879 2748 limatiora

264 2847 303 2891 ἥ)
327 2846 381 2883 Of.
406 2847 525 2883 Vinet.
550 2849 586 2882 in
610 2848 721 2895 praef.
746 2853 930 2884 comment.
954 2848 990 2881 in
1016 2848 1258 2884 Ausou.-—De
1282 2849 1420 2883 Ausoni
1444 2847 1543 2884 codd.
1566 2852 1740 2884 vetustate
1764 2853 1880 2884 aucto-

329 2909 434 2944 ritate
457 2910 593 2944 ratione
617 2911 710 2945 inter
733 2909 892 2954 singulos
916 2909 1153 2945 intercedente
1177 2922 1287 2957 nuper
1310 2910 1506 2958 disputavit
1521 2907 1654 2946 Theob.
1678 2910 1816 2946 Rhaese
1840 2910 1878 2945 iu

331 2975 515 3004 comment.
536 2969 577 3003 de
600 2980 637 3003 re
661 2970 806 3004 metrica
831 2971 965 3004 Ausoni
991 2981 1023 3016 p.
1049 2970 1066 3002 1
1092 2981 1170 3016 sqq.
1215 2970 1385 3005 Rostonh.
1408 2972 1461 3005 68.

726 3060 743 3074 ⁴
1527 3040 1546 3075 1
