2056 3235
788 106 1134 185 *-13-

286 252 372 297 Sed
399 252 483 296 hac
510 252 754 296 mutatione
784 267 869 297 non
897 266 1006 309 opus
1033 267 1127 296 esse
1159 252 1354 307 videtur,
1390 266 1488 296 cum
1514 253 1691 298 Persius
1720 265 1819 310 quo·
1842 257 1843 260 ’

176 339 259 381 que
289 325 467 381 occipiti
489 324 713 368 exhibeat.
770 323 844 368 Sic
873 325 1010 382 capiti
1038 325 1156 382 apud
1185 324 1408 369 Catullum
1436 326 1482 368 in
1511 329 1576 379 68,
1600 330 1698 368 -124,

288 397 524 450 ‚,Amori“
555 397 603 439 in
632 397 767 453 epigr.
800 387 893 450 100,
919 402 960 439 4.
991 397 1165 452 (neutro
1195 397 1429 453 potiundus
1458 397 1613 453 amori)
1643 412 1719 453 pro
1748 397 1819 441 da-

174 469 289 522 tivo,
333 484 421 513 non
463 460 659 512 ablativo
715 469 940 525 accipiam.
1014 469 1081 513 De
1121 484 1206 525 qua
1241 483 1287 513 re
1320 470 1435 513 infra
1472 470 1518 512 in
1555 473 1722 525 quaest.
1758 468 1818 512 Π.

174 555 209 583 c.
241 546 278 584 2.

282 613 380 657 Uno
420 613 516 657 loco
557 613 779 657 Ausonius
821 617 973 657 contra
1011 627 1135 656 usum
1166 613 1335 658 dicendi
1364 614 1608 658 ablativum
1637 628 1713 674 per
1744 613 1816 668 ,‚e“

174 686 350 740 profert.
414 685 468 729 In
498 685 633 742 eclog.
676 686 854 740 quoteni
894 686 985 729 dies
1024 687 1247 729 mensium.
1288 692 1324 728 2.
1368 686 1686 743 Septembre.
1754 685 1817 729 Cf.

174 756 310 810 Neue,
338 756 374 799 Ι.
403 771 444 812 p.
476 761 569 799 230.
1464 760 1484 783 ¹'

258 827 501 872 Genetivus
539 842 653 871 num.
693 829 804 884 plur.
840 842 986 871 eorum
1022 829 1264 880 nominum,
1314 843 1424 884 quae
1464 843 1516 872 ex
1556 828 1818 872 auctoritate

174 902 437 958 optimorum
463 900 755 950 Romanorum
785 901 1044 957 scriptorum
1074 902 1277 958 genetivo
1308 901 1468 957 plurali
1500 901 1637 956 ‚,ium“
1676 901 1818 944 termi-

175 974 397 1018 nationem
424 974 641 1030 recipiunt
658 1007 668 1027 ‚
713 987 840 1029 saepe
870 973 986 1029 apud
1013 973 1257 1016 Ausonium
1285 988 1361 1029 per
1393 974 1514 1027 „um“
1546 974 1817 1017 terminatur.

174 1045 341 1090 Omitto
384 1046 627 1100 „mensum“
668 1046 713 1088 in
752 1046 917 1088 Auson.
950 1046 1103 1102 eclog:
1164 1044 1260 1095 Quo
1297 1060 1442 1088 mense
1484 1051 1642 1101 quotae
1679 1059 1818 1089 nonae

173 1117 244 1158 vel
272 1116 370 1159 idus
399 1118 501 1159 sint.
530 1121 583 1169 4.,
613 1122 658 1159 et
690 1117 939 1169 „fraudum“
972 1118 1017 1158 in
1048 1117 1170 1160 Grat.
1201 1122 1286 1160 act.
1308 1132 1348 1172 p.
1367 1122 1445 1158 299
1476 1117 1597 1171 (edit.
1611 1117 1820 1172 Bipont.),

174 1202 285 1243 quae
315 1189 480 1232 formae
508 1188 608 1231 aliis
637 1202 808 1244 quoque
837 1188 1093 1232 tritissimae
1123 1193 1238 1232 sunt.
1275 1186 1338 1232 Cf.
1366 1188 1501 1242 Neue,
1529 1188 1565 1231 I.
1595 1202 1634 1244 p.
1666 1191 1744 1230 265
1774 1192 1818 1232 et

172 1260 276 1301 ibid.
307 1274 347 1315 p.
381 1264 461 1301 279
493 1259 597 1314 (quo
628 1261 865 1315 posteriore
893 1261 987 1304 loco
1016 1260 1128 1302 falso
1168 1258 1412 1302 fraudium
1449 1275 1502 1302 ex
1540 1259 1734 1302 Ausonio
1764 1261 1834 1301 ci·-

173 1330 329 1385 tatur.)
386 1331 620 1375 Praeterea
648 1333 845 1388 genetivi
873 1326 1202 1388 participiorum
1230 1333 1496 1388 plerumque,
1525 1332 1697 1375 etiamsi
1725 1345 1818 1386 par·

173 1403 372 1458 ticipium
414 1403 503 1445 vim
543 1402 811 1447 substantivi
852 1403 1048 1455 obtinet,
1087 1403 1203 1459 apud
1230 1403 1473 1446 Ausonium
1513 1404 1557 1445 in
1599 1403 1720 1456 „um“
1753 1402 1819 1443 de-

172 1475 343 1529 sinunt:

283 1545 572 1589 Animantum
599 1546 645 1587 in
674 1543 797 1601 idyll.
829 1550 894 1599 18,
923 1550 961 1588 8.
990 1545 1095 1588 ibid.
1121 1550 1185 1598 12,
1216 1550 1252 1587 2.
1283 1550 1601 1597 senescentum3
1630 1546 1817 1588 inertum

174 1619 219 1660 in
248 1618 411 1673 ephem.
443 1622 552 1661 orat.
585 1623 647 1659 16.
688 1618 914 1660 viventum
953 1619 999 1659 in
1040 1618 1147 1672 prof.
1179 1621 1242 1659 25.
1282 1618 1529 1672 sapientum
1566 1618 1611 1659 in
1644 1616 1733 1659 lud.
1764 1616 1816 1659 de

172 1693 282 1745 sept.
312 1703 402 1744 sap.
434 1687 579 1731 Solon.
611 1692 669 1740 2.;
698 1688 1001 1744 ignoscentum
1030 1689 1076 1729 in
1103 1687 1227 1743 idyll.
1250 1693 1287 1741 6,
1310 1692 1394 1736 75.;
1424 1688 1666 1743 spirantum
1694 1687 1816 1744 idyll.
1879 1694 1890 1697 ‘

175 1766 239 1814 10,
269 1766 354 1814 96.;
384 1765 619 1805 natantum
648 1761 692 1803 in
721 1759 843 1816 idyll.
876 1764 939 1814 10,
971 1764 1061 1802 107.
1095 1764 1184 1802 140.
1216 1763 1308 1802 250.
1338 1760 1558 1803 furentum
1577 1759 1680 1803 ibid.
1705 1763 1818 1811 292.;

174 1832 437 1888 probantum
467 1832 513 1873 in
543 1832 668 1887 epist.
702 1834 765 1884 19,
796 1835 884 1883 17.;
912 1831 1136 1874 volentum
1165 1832 1210 1872 in
1240 1832 1365 1886 epist.
1397 1835 1461 1883 24,
1491 1835 1581 1872 113.

284 1905 484 1958 Denique
524 1904 604 1946 hoe
642 1904 736 1946 loco
774 1907 985 1945 annotare
1024 1902 1133 1945 libet
1162 1903 1404 1945 Ausonium
1432 1904 1478 1945 in
1507 1904 1640 1958 epigr.
1672 1907 1749 1955 62,
1781 1907 1815 1943 2.

174 1975 374 2019 dativum
412 1973 586 2017 bithus
625 1972 805 2029 (b6bus)
842 1973 1112 2029 paenultima
1150 1974 1323 2029 syllaba
1364 1978 1561 2029 correpta
1604 1973 1817 2016 exhibere.

174 2048 239 2091 Of.
268 2047 405 2100 Neue,
433 2046 469 2089 Ι.
498 2061 539 2101 p.
571 2050 662 2088 297.

283 2120 350 2163 De
379 2118 687 2164 terminatione
718 2117 961 2160 accusativi
989 2131 1104 2160 num.
1123 2117 1377 2173 plur.‘„eis“
1396 2116 1485 2172 (is),
1506 2131 1616 2173 quae
1644 2118 1689 2159 in
1718 2130 1817 2160 non-

173 2193 307 2235 nullis
336 2191 603 2236 editionibus
632 2190 873 2232 invenitur:
908 2212 952 2219 -—
988 2189 1087 2231 vide
1121 2190 1312 2242 „aureis“
1345 2191 1390 2231 in
1419 2189 1543 2244 idyll.
1573 2193 1611 2242 5,
1642 2194 1697 2241 2.;
1727 2189 1815 2231 dul-

173 2265 261 2307 ceis
289 2263 394 2307 ibid.
425 2267 483 2316 5.;
530 2262 714 2305 alacreis
751 2262 797 2303 in
825 2260 949 2316 idyll.
981 2264 1055 2313 10,
1085 2264 1197 2313 204.;
1235 2261 1402 2304 facileis
1430 2261 1533 2303 ibid.
1564 2265 1657 2303 240.
1686 2260 1815 2317 pube·

133 2376 135 2378 ,
172 2337 361 2379 scenteis
400 2337 445 2378 in
467 2335 605 2390 »idyll
638 2339 711 2386 14,
739 2338 807 2374 44.
837 2356 890 2363 -—
918 2333 1029 2374 nihil
1059 2334 1166 2375 certi
1202 2333 1340 2375 adhuc
1369 2333 1538 2376 Ausoni
1567 2325 1685 2376 codd.
1714 2348 1814 2376 non-

172 2407 508 2450 dumssaccurate
525 2404 816 2461 perlustratis
844 2408 890 2447 et
918 2404 1034 2446 inter
1063 2417 1108 2446 se
1146 2403 1317 2447 collatis
1354 2409 1547 2447 statuere
1576 2418 1814 2460 possumus.

816 2532 885 2574 lv.
914 2531 1169 2575 nominatio.

276 2635 387 2678 'Tres
425 2638 608 2690 quartae
647 2631 953 2675 declinationis
992 2644 1118 2673 voces
1159 2644 1274 2673 more
1314 2636 1508 2674 veterum
1556 2632 1813 2687 scriptorum

169 2708 393 2751 Ausonius
421 2708 467 2748 in
493 2706 698 2761 genetivo
728 2705 784 2747 ad
814 2703 1143 2746 similitudinem
1174 2703 1385 2745 secundae
1413 2703 1549 2746 flexit.

281 2779 463 2822 Praeter
490 2777 769 2821 tritissimum
799 2774 916 2829 illud,
940 2774 1082 2817 senati
1112 2775 1156 2816 in
1187 2775 1311 2830 epist.
1345 2779 1417 2827 25,
1449 2779 1532 2827 26.,
1561 2773 1681 2830 idyll.
1712 2779 1750 2826 8,
1775 2780 1811 2816 5.

169 2853 356 2908 legimus
385 2851 517 2892 fructi
546 2851 591 2891 in
621 2853 729 2903 sept.
760 2862 850 2903 sap.
882 2846 991 2890 Chil.
1024 2850 1108 2898 10.;
1138 2848 1299 2901 sumpti
1328 2848 1371 2888 in
1403 2848 1527 2901 epist.
1560 2850 1594 2898 7,
1624 2851 1689 2887 40.

282 2922 424 2966 Semel
465 2920 655 2964 eiusdem
696 2920 862 2962 numeri
902 2919 1151 2975 genetivum
1192 2920 1234 2960 in
1269 2919 1384 2972 „uis“
1426 2918 1691 2961 desinentem
1721 2932 1811 2974 pro-

171 2996 267 3037 fert.
326 2995 377 3036 In
406 2998 573 3048 parent.
608 2997 670 3043 16,
702 2998 735 3033 1.
770 2991 982 3045 ‚,nu1·uis“.
