2056 3235
905 146 1178 192 —28†

331 254 434 296 ibid.
467 258 530 296 13.
559 254 686 306 terni,
719 259 782 296 14.
811 259 949 306 terno,
980 258 1043 297 53.
1074 254 1211 307 trino,
1240 258 1305 316 58.
1335 257 1482 304 terno,
1512 257 1577 295 63.
1607 246 1681 295 66.
1700 253 1868 296 trinum·
1896 303 1899 306 ,

218 340 369 382 genus,
399 330 464 368 84.
492 329 618 369 terno
647 326 835 382 agmine.
891 325 943 369 In
973 326 1098 382 epist.
1130 330 1195 379 24,
1224 328 1289 367 90.
1321 324 1438 368 trino
1471 327 1611 367 coetu.

328 396 381 439 In
410 397 546 453 eclog.
575 396 629 439 de
655 410 804 453 puerp.
834 402 940 441 mat.
969 403 1008 440 4.
1038 402 1216 453 septeno
1247 390 1386 440 choro.

330 468 443 511 Tum
479 468 710 512 familiaris
749 467 945 513 Ausonio
983 470 1164 513 licentia
1192 473 1280 521 est,
1318 473 1370 512 ut
1412 469 1509 524 ipsa
1536 468 1779 511 numeralia
1807 467 1866 512 di-

218 539 458 585 stributiva
487 555 563 595 pro
594 539 890 583 cardinalibus
920 545 1066 596 ponat.

331 610 383 653 In
413 611 536 666 idyll.
569 616 633 663 11,
664 615 728 652 19.
758 612 877 654 trina
906 612 1138 664 elementa,
1166 611 1270 654 ibid.
1301 616 1366 653 34.
1396 612 1514 654 trina
1542 610 1772 662 trinoctia,
1800 615 1865 652 42.

221 682 340 724 trina
375 683 615 734 consortia,
666 687 730 724 38.
767 683 887 725 trina
927 684 1188 739 aenigmata.
1263 683 1316 724 In
1355 683 1490 740 eclog.
1528 682 1642 725 Dist.
1681 682 1733 724 de
1770 682 1867 724 iisd.

222 753 443 796 mensibus
473 758 510 795 2.
538 753 646 796 bina
674 759 884 810 tempora,
912 756 957 796 in
987 755 1110 810 epist.
1141 759 1178 805 4,
1210 759 1273 795 62.
1303 754 1409 797 bina
1436 754 1631 797 trihoria.

331 825 463 867 Haud
491 839 589 867 raro
619 840 744 880 porro
774 824 997 868 Ausonius
1025 826 1080 867 iis
1114 826 1222 868 locis
1261 826 1501 868 cardinalia
1539 824 1736 877 exhibet,
1778 825 1867 879 qui·

222 896 305 937 bus
344 897 578 951 scriptores
615 911 768 950 prosae
809 898 1020 940 orationis
1051 897 1305 955 ,numeralia
1354 896 1639 939 distributiva
1685 900 1865 951 ponunt.

223 965 394 1009 Scimus
433 967 548 1009 enim
586 966 795 1011 adverbia
834 968 1076 1011 numeralia
1113 969 1246 1026 vulgo
1296 982 1393 1011 cum
1431 968 1725 1012 distributivis
1774 981 1868 1011 con-

222 1039 360 1095 iungi,
388 1054 475 1082 non
505 1053 602 1081 cum
633 1040 941 1083 cardinalibus.
1000 1040 1064 1083 Cf.
1093 1040 1228 1094 Neue,
1256 1041 1316 1083 11.
1346 1055 1386 1096 p.
1420 1045 1511 1083 123.

308 1156 311 1159 ,
335 1109 475 1160 Quem
504 1125 631 1153 usum
648 1111 873 1154 Ausonius
901 1126 1071 1166 quoque
1099 1113 1352 1167 plerumque
1382 1113 1554 1167 quidem
1584 1116 1760 1155 secutus
1789 1116 1868 1164 est,

223 1181 445 1225 nonnullis
474 1186 623 1226 tamen
650 1182 759 1226 locis
789 1197 886 1226 eum
915 1182 1121 1240 neglexit.

333 1254 386 1296 In
425 1254 548 1310 idyll.
580 1260 628 1296 11
646 1287 656 1306 ,
688 1260 733 1296 2;
774 1260 843 1297 ter
878 1256 966 1297 tria
1003 1255 1346 1310 multiplicandi;
1388 1255 1491 1297 ibid.
1522 1260 1560 1297 4.
1599 1260 1667 1298 ter
1704 1255 1870 1307 tribus;

225 1331 261 1367 6.
290 1326 441 1369 novies
480 1340 654 1377 novem;
700 1330 764 1367 22.
796 1331 863 1369 ter
902 1326 1055 1369 tribus.
1122 1326 1175 1368 In
1214 1327 1340 1381 epist.
1373 1331 1420 1377 7,
1451 1330 1543 1367 25:
1571 1326 1640 1368 bis
1680 1327 1869 1381 quinque

225 1397 348 1441 adde.
391 1397 495 1440 ibid.
538 1401 623 1439 29.:
666 1401 771 1451 „aut
809 1401 878 1440 ter
914 1401 1101 1452 quatuor
1139 1396 1248 1440 adde
1285 1397 1355 1439 bis
1392 1397 1623 1448 novenis“;
1661 1396 1765 1440 ibid.
1803 1401 1867 1439 34.

226 1473 304 1510 aut
333 1472 498 1523 septem
527 1469 712 1524 geminis
740 1468 810 1510 bis
838 1473 936 1510 octo
965 1469 1109 1524 iunge.
1167 1468 1217 1509 In
1250 1469 1375 1522 epist.
1406 1472 1443 1519 5,
1475 1473 1527 1509 17
1557 1467 1670 1522 (19);

488 1539 576 1583 Bis
605 1544 806 1595 septem
834 1540 991 1584 tutilos
1019 1539 1167 1598 regale
1195 1539 1408 1584 nomisma
1436 1538 1674 1596 Philippos.
1698 1539 1742 1595 ³³)

338 1612 388 1654 In
422 1612 555 1668 eclog.
586 1612 638 1654 de
666 1612 837 1654 ratione
867 1612 968 1654 dier.
1001 1613 1104 1654 anni
1133 1616 1241 1654 vert.
1276 1616 1363 1653 18.:

493 1683 801 1726 Tercentum
831 1697 882 1726 ac
912 1683 1027 1726 senis
1056 1683 1197 1725 decies
1228 1716 1236 1724 .
1269 1716 1276 1723 .
1310 1716 1318 1724 .
1349 1716 1357 1724 .

338 1755 423 1797 Pro
452 1758 698 1797 tercentum
726 1754 819 1812 sine
849 1754 979 1796 dubio
1018 1754 1328 1808 compositione
1365 1754 1510 1797 soluta
1548 1758 1629 1796 ter
1667 1767 1755 1796 cen
1765 1758 1870 1797 tum

228 1826 461 1883 legendum
491 1829 570 1868 est.
600 1825 749 1880 Atque
777 1830 846 1868 ter
874 1830 1047 1868 centum
1075 1824 1297 1868 Ausonius
1324 1825 1437 1868 dixit
1464 1840 1539 1881 pro
1568 1829 1637 1868 ter
1665 1825 1870 1869 centenis.

228 1897 305 1940 Sic
331 1897 455 1940 Ovid.
468 1898 515 1939 in
544 1902 645 1939 met.
662 1902 726 1949 14,
758 1901 849 1938 146.
879 1901 948 1938 ter
978 1901 1151 1940 centum
1182 1911 1317 1938 annos
1347 1897 1535 1951 scripsit,
1565 1898 1617 1938 cf.
1647 1896 1783 1949 Neue,
1811 1896 1870 1939 11.

227 1983 267 2023 p.
300 1973 391 2011 123.
450 1968 664 2011 Similiter
690 1968 913 2011 Ausonius
943 1969 1011 2011 bis
1040 1969 1183 2018 mille,
1229 1972 1295 2010 ter
1338 1967 1456 2009 mille
1486 1982 1561 2022 pro
1599 1968 1682 2010 duo
1719 1968 1872 2020 millia,

228 2040 407 2083 exhibet
436 2040 563 2095 (prof.
596 2046 633 2092 1,
663 2044 700 2081 9.
731 2040 787 2082 al.
818 2039 878 2093 1.).
924 2041 976 2081 cf.
1007 2039 1142 2092 Neue,
1170 2040 1228 2081 ΙΙ.
1258 2054 1298 2094 p.
1331 2044 1422 2081 124.

253 2126 256 2130 ·
342 2114 481 2156 Unam
520 2112 704 2167 denique
743 2112 1030 2154 numeralium
1068 2113 1249 2154 formam
1287 2125 1391 2153 usus
1428 2112 1637 2154 rarissimi
1666 2112 1736 2154 hic
1765 2125 1873 2155 com-

229 2198 429 2235 memoro,
460 2198 571 2238 quae
601 2189 669 2226 est
698 2184 1002 2226 trecenteni.
1049 2183 1100 2225 ln
1131 2183 1266 2238 eclog.
1298 2183 1474 2236 quoteni
1504 2184 1595 2225 dies
1624 2184 1714 2234 sint
1739 2197 1871 2225 mens.

228 2257 338 2310 sing.
371 2261 415 2296 9:

492 2327 566 2371 Sic
596 2327 861 2370 trecentenis
891 2326 1033 2368 decies
1062 2325 1265 2367 accedere
1295 2339 1430 2368 senos.

339 2399 649 2442 Trecenteni
680 2401 818 2441 forma
848 2403 915 2441 est
944 2412 1061 2452 pro,
1064 2396 1268 2448 ‚treceni“
1286 2429 1296 2448 ,
1327 2399 1379 2438 cf.
1409 2397 1543 2439 Prisc.
1575 2398 1627 2439 de
1655 2398 1726 2453 ng.
1757 2411 1872 2440 num.

229 2477 267 2524 6,
297 2476 362 2514 24.
392 2485 431 2527 p.
465 2475 570 2513 1353
601 2475 646 2513 et
674 2469 896 2514 Drakenb.
928 2469 984 2511 ad
1013 2468 1108 2510 Liv.
1138 2471 1204 2521 45,
1235 2472 1298 2521 16,
1311 2472 1348 2509 3.
1377 2467 1512 2522 Neue,
1539 2468 1598 2511 II.
1628 2483 1668 2524 p.
1686 2472 1763 2511 119
1780 2482 1872 2525 sqq.

227 2543 515 2598 supplement.
544 2542 603 2583 ΙΙ.
635 2547 727 2583 572.

248 2687 287 2730 *)
313 2686 504 2733 Philippos
528 2686 595 2721 hoc
618 2686 696 2721 loco
720 2697 785 2731 pro
821 2683 1079 2731 ,‚Philippeos“
1115 2683 1217 2727 (Hor.
1240 2683 1342 2730 epist.
1365 2685 1409 2728 2,
1435 2686 1481 2727 1.)
1508 2684 1567 2721 Sic
1591 2686 1772 2722 Ausonius
1795 2685 1818 2720 l.
1844 2697 1872 2720 c.

312 2747 356 2782 21
374 2746 450 2791 (23)
474 2742 605 2783 Darios
622 2747 752 2794 (prima
763 2746 904 2794 syllaba
927 2745 1105 2791 correpta)
1128 2744 1152 2780 i.
1168 2755 1198 2779 e.
1221 2744 1380 2789 Daricos,
1404 2746 1459 2780 vel
1484 2742 1616 2782 Darius
1640 2747 1697 2782 vel
1719 2745 1872 2782 Dareus.
