2056 3235
894 191 948 199 ‚-
1006 146 1057 211 2'4
1117 190 1166 200 ..

205 277 258 320 In
287 277 410 333 idyll.
442 282 505 320 12.
537 278 589 321 de
619 261 740 321 cibis.
773 283 843 321 10:
1358 301 1366 319 ι

471 353 515 391 et
545 349 708 405 duplici
738 350 914 393 defensa
943 350 1168 407 putamine
1198 350 1553 406 quinquegenus
1580 364 1683 396 nux.

205 419 309 474 (duo
340 419 478 462 codd:
525 421 864 476 quinquegenis,
904 422 1015 476 quod
1046 437 1098 463 ex
1126 421 1402 464 librariorum
1431 435 1593 476 errore,
1631 422 1705 476 qui
1736 420 1855 476 quin-
1911 455 1913 457 .

206 505 429 547 quegenus
458 506 544 534 non
573 491 896 547 intellegerent,
926 492 1302 554 ortunyvidetur.)

313 580 537 635 Tergenus
576 584 759 634 utroque
799 580 895 623 loco
927 587 970 623 et
1001 582 1329 636 quinquegenus
1358 580 1452 622 loco
1484 579 1620 622 citato
1649 592 1742 621 rem
1771 579 1853 635 sig-

201 650 407 705 nificant,
450 665 560 707 quae
600 651 773 708 generis
812 652 1000 708 triplicis
1045 656 1089 695 et
1130 651 1415 708 quintuplicis
1453 655 1531 694 est.
1601 649 1688 693 Sed
1726 663 1854 694 voces

200 724 323 777 ipsae
363 723 590 765 inauditae
629 725 852 765 nominum
890 725 1080 766 fictionis
1110 728 1234 775 sunt,
1283 724 1455 777 qualem
1491 723 1662 765 Ausoni
1699 716 1854 765 solum-

202 793 328 836 modo
367 795 413 836 in
454 795 579 837 novis
619 794 848 837 vocabulis
886 795 1099 851 fingendis
1137 795 1318 837 licentia
1348 793 1692 849 comprobaverit
1721 797 1854 848 atque

203 866 492 908 excusaverit.
556 865 651 907 Iam
681 867 928 920 quaeritur,
975 880 1085 921 quae
1115 881 1216 908 nam
1243 867 1357 908 ratio
1386 864 1653 918 Ausonium,
1693 868 1743 907 ut
1770 868 1853 907 ter-

202 950 340 992 genus
380 941 425 979 et
464 936 795 993 quinquegenus
824 938 1028 993 fingeret,
1069 938 1265 980 moverit.
1324 936 1427 979 Sine
1457 936 1588 979 dubio
1618 950 1717 978 eum
1744 936 1851 979 haec

202 1008 433 1050 verborum
474 1010 740 1051 constructio
783 1009 987 1060 adduxit,
1046 1010 1088 1049 in
1141 1023 1227 1062 qua
1277 1008 1519 1051 accusativi
1571 1007 1745 1062 quidam
1792 1022 1853 1050 re-

200 1078 380 1122 lationis
411 1078 475 1133 (id
503 1093 662 1134 genuS,
703 1094 825 1122 omne
855 1093 1013 1135 genus,
1044 1079 1255 1121 muliebre
1285 1092 1432 1132 secus,
1462 1079 1570 1133 alia)
1601 1079 1866 1134 saepissime.

200 1163 226 1191 a
255 1151 397 1205 poetis
427 1164 503 1204 pro
534 1151 730 1193 ablativo
763 1164 865 1192 casu
895 1155 1106 1204 tanquam
1136 1151 1336 1193 absolute
1365 1155 1596 1205 ponuntur.
1628 1149 1700 1193 Sic
1717 1150 1848 1213 Verg.

200 1221 244 1262 in
273 1219 383 1263 Aen.
414 1226 456 1273 8,
489 1226 584 1263 114:
617 1221 703 1271 Qui
733 1236 870 1278 genus
900 1221 977 1275 (sc.
1008 1221 1162 1276 estis)‘?
1202 1222 1435 1264 Lucretius
1465 1221 1531 1276 (4,
1564 1220 1682 1276 735):
1713 1221 1849 1263 Omne

200 1306 337 1348 genus
377 1294 580 1346 quoniam
621 1295 784 1348 passim
823 1294 1057 1335 simulacra
1096 1294 1307 1336 feruntur.
1377 1292 1589 1335 Similiter
1626 1293 1849 1335 Ausonius

199 1365 244 1406 in
273 1364 329 1407 id.
363 1369 426 1418 11,
455 1368 520 1406 43.
552 1378 656 1407 sane
688 1364 876 1419 quadam
906 1378 1003 1406 cum
1031 1364 1213 1407 licentia
1242 1363 1383 1407 dicere
1412 1368 1605 1419 poterat:

308 1453 512 1495 Humana
543 1452 736 1495 efficiunt
765 1453 1020 1495 habitacula
1050 1457 1139 1494 tres
1170 1453 1259 1504 (vel
1290 1457 1414 1494 extra
1454 1466 1643 1494 versum:
1684 1452 1846 1505 trinae)

199 1539 337 1580 genus
367 1530 484 1568 artes
515 1530 560 1568 et
589 1526 635 1567 in
663 1526 788 1580 idyll.
821 1531 871 1567 12
901 1526 929 1567 l.
961 1538 1015 1566 c.:

464 1601 507 1638 et
537 1596 699 1651 duplici
730 1597 906 1639 defensa
935 1595 1160 1651 putamine
1191 1595 1324 1648 quina
1354 1608 1490 1650 genus
1519 1608 1620 1637 nux.

311 1684 410 1733 Qua
439 1686 760 1727 constructione
790 1691 988 1739 respecta
1019 1684 1239 1725 Ausonius
1256 1716 1265 1734 ,
1304 1684 1477 1738 opinor,
1515 1688 1566 1726 ut
1595 1699 1685 1725 rem
1714 1684 1847 1726 simili

197 1756 323 1799 modo
354 1757 635 1811 exprimeret,
671 1762 876 1812 tergenus
906 1762 950 1798 et
981 1757 1332 1811 quinquegenus,
1371 1754 1585 1798 vocabula
1612 1756 1846 1799 indeclina-

197 1828 308 1871 bilia
345 1828 485 1870 finxit.
555 1827 755 1870 Ceterum
787 1829 824 1869 si
854 1828 951 1881 quis
979 1827 1132 1869 licenti
1160 1827 1312 1869 horum
1343 1826 1653 1869 adiectivorum
1683 1841 1848 1884 compo-

198 1901 357 1942 sitione
397 1904 451 1952 eta
481 1900 776 1953 discrepantia
814 1900 1048 1941 lectionum
1082 1899 1201 1940 codd.
1233 1897 1603 1955 (quinquegenus,
1643 1901 1847 1955 quinque-

195 1969 340 2027 genis)
381 1969 571 2013 offensus
611 1969 778 2025 aliquid
815 1969 1070 2012 mutandum
1112 1983 1205 2012 esse
1245 1974 1441 2025 putaret,
1482 1970 1611 2013 facile
1650 1971 1693 2012 in
1724 1971 1846 2027 idyll.
1890 2025 1895 2030 ι

198 2048 261 2093 11,
291 2047 356 2083 43.
389 2043 451 2083 sic
482 2042 709 2083 emendare
738 2047 903 2096 posset:

464 2112 668 2155 Humana
698 2112 891 2155 efficiunt
921 2112 1176 2156 habitacula
1205 2113 1473 2169 tergeminae
1502 2118 1620 2158 artes

196 2187 223 2229 l.
256 2201 290 2229 c.
321 2191 397 2228 49:

463 2256 770 2312 Tergeminum
800 2258 1073 2312 omnigenum
1106 2258 1289 2313 genitor,
1320 2258 1521 2314 genitriX,
1550 2265 1815 2315 generatum.

197 2336 241 2373 et
270 2330 316 2372 in
345 2329 468 2385 idyll.
502 2333 564 2371 12.
595 2329 623 2372 1.
654 2343 706 2371 c.:

462 2405 506 2444 et
536 2401 698 2456 duplici
730 2401 907 2443 defensa
938 2400 1160 2455 putamine
1191 2401 1323 2454 quina
1352 2415 1489 2457 genus
1517 2417 1617 2446 nux,

309 2488 432 2539 Quae
474 2494 669 2533 extrema
709 2489 978 2542 emendatiO,
1030 2489 1228 2544 quamvis
1266 2491 1484 2546 exquisita
1524 2493 1844 2549 artificiosaque

195 2561 419 2613 videatur,
456 2566 603 2603 tamen
634 2561 690 2603 ab
720 2561 978 2603 Ausoniana
1007 2561 1186 2604 licentia
1215 2576 1298 2604 non
1330 2563 1543 2608 abhorret.
1600 2547 1843 2608 Ausonium

197 2634 451 2689 saepissime
488 2646 715 2675 numerum
755 2634 1020 2687 singularem
1051 2633 1338 2675 numeralium
1369 2634 1746 2678 distributivorum
1777 2651 1844 2679 ex-

195 2706 366 2758 hibere,
402 2709 556 2760 postea
586 2705 834 2747 docebimus
871 2704 943 2758 (cf.
976 2704 1154 2753 Quaest.
1185 2704 1300 2760 ΙΙΙ.).
1369 2706 1554 2750 Accedit
1585 2708 1698 2762 quod
1731 2709 1844 2764 „qui-

196 2778 297 2830 na“,
329 2791 444 2818 num.
475 2776 734 2832 singularis,
764 2778 980 2831 reperitur
1009 2777 1052 2817 in
1082 2776 1228 2819 Plaut.
1257 2776 1374 2820 Pers.
1409 2785 1453 2831 1,
1484 2785 1529 2832 3,
1561 2785 1623 2822 19.
1657 2785 1701 2824 et
1728 2780 1841 2824 Plin.

196 2849 235 2891 h.
266 2864 306 2891 n.
340 2853 403 2902 17,
436 2854 483 2890 11
518 2845 622 2903 (16).

305 2937 531 2980 Hactenus
571 2937 621 2979 de
669 2938 794 2979 novis
845 2951 954 2990 quac
995 2937 1217 2980 Ausonius
1259 2938 1436 2982 exhibet
1483 2940 1731 2983 nominibus
1773 2940 1843 2983 ad-

195 3009 381 3052 iectivis.
1618 3011 1620 3013 ’
1827 3007 1831 3011 ”

2012 3155 2056 3235 {⁵715
2046 3066 2056 3076 ⁴.
