2056 3235
224 271 509 324 exstiterunt,
537 272 652 314 inter
682 286 793 327 quae
821 273 995 316 honoris
1026 287 1158 315 causa
1184 272 1426 329 Boeckingi
1453 272 1686 316 editionem
1712 250 1913 339 Mos612gj

220 343 290 386 lae
320 357 614 388 commemoro.
648 343 795 401 Igitur
822 345 948 388 valde
962 340 1102 388 adhuc
1123 344 1346 388 Ausonius
1358 344 1585 401 neglectus
1598 347 1679 388 est.
1686 327 1938 392 —Numss'ifg
1946 336 1989 385 2³2

223 429 300 458 suo
330 417 423 458 iure
453 430 505 459 ac
533 415 717 460 merito?
745 416 959 472 Equidem
986 433 1072 460 non
1100 421 1219 473 puto.
1275 416 1390 459 Nam
1419 417 1617 472 quamvis
1644 404 1867 479 Ausonius
1890 417 1926 460 ’ἓζ
1999 423 2015 442 ’-

223 492 274 531 ut
302 493 433 544 poeta
460 489 586 544 parvi
615 489 912 532 aestimandus
942 490 1001 533 sit
1031 489 1158 542 (vide
1177 488 1333 544 infra),
1363 488 1476 532 unde
1503 489 1670 533 factum
1698 490 1788 542 est,
1815 486 1886 532 111:¹
1918 505 1921 506 ⁷

223 560 399 615 quidam
429 560 469 602 ei
496 561 806 603 versificatoris
848 576 932 604 non
973 566 1127 616 poetae
1165 575 1320 604 nomen
1348 561 1642 604 attribuerent
1670 584 1721 591 --
1751 564 1868 604 certe
1930 592 1943 605 ›

222 631 370 675 rhetor
399 632 626 688 cultorque
665 637 877 688 tanquam
905 634 1077 676 infimae
1107 633 1315 678 sermonis
1343 632 1493 677 Latini
1521 632 1683 677 aetatis
1710 645 1867 689 magno

224 703 350 746 nobis
381 704 510 747 debet
541 718 634 747 esse
663 710 891 747 momento.
951 704 1046 754 Quo
1076 706 1216 762 magis
1244 706 1487 748 mirandum
1516 710 1595 758 est,
1625 704 1739 759 quod
1766 711 1867 748 non-

225 776 327 818 dum
356 777 586 831 quisquam
621 776 790 820 Ausoni
824 777 1114 832 proprietates
1150 777 1319 819 dicendi
1354 777 1585 833 indagatas
1615 776 1869 831 composuit,

225 849 296 890 vel
324 848 434 900 ideo,
464 853 515 891 ut
545 853 889 904 cognosceretur,
920 855 1135 903 quatenus
1165 848 1386 891 Ausonius
1415 848 1470 891 ab
1501 849 1759 904 optimorum
1786 847 1868 891 Ro-

225 934 450 964 manorum
479 934 561 962 usu
590 920 759 963 dicendi
789 920 1048 963 discesserit.
1128 920 1224 963 Hac
1253 924 1399 964 autem
1428 922 1524 976 ipsa
1552 934 1597 962 re
1627 919 1868 963 constituta
1906 921 1908 923 ’
1967 951 1970 953 »

225 997 436 1047 quantum
466 992 522 1034 ad
551 992 720 1035 Ausoni
750 1007 879 1047 opera
910 1007 1041 1047 quum
1072 993 1222 1035 critice
1252 997 1347 1035 tum
1367 993 1648 1049 grammatice
1678 991 1869 1047 proficia-

222 1070 297 1107 tur
324 1064 587 1108 illustranda
617 1064 911 1106 demonstrare
943 1064 1211 1118 supersedeo.

335 1135 506 1185 Quibus
542 1136 593 1178 de
630 1136 772 1177 causis
809 1136 978 1178 lubenti
1010 1136 1151 1178 animo
1182 1150 1356 1191 operam
1384 1137 1579 1191 suscepi,
1620 1140 1672 1179 ut
1699 1135 1868 1178 Ausoni

226 1222 363 1264 genus
401 1207 570 1250 dicendi
609 1209 654 1249 in
695 1208 992 1261 quaestionem
1022 1222 1233 1250 vocarem.
1301 1208 1396 1257 Quo
1426 1208 1574 1251 labore
1605 1209 1641 1250 si
1671 1208 1867 1251 futurum

227 1285 307 1333 est,
336 1284 387 1325 ut
416 1280 545 1335 paulo
575 1280 833 1322 familiarior
862 1279 1000 1323 doctis
1034 1280 1198 1322 existat
1228 1279 1461 1332 Ausonius,
1490 1280 1736 1323 maiorem
1763 1279 1868 1322 lau-

227 1353 334 1395 dem
364 1367 511 1408 quam
540 1352 765 1395 laborem
796 1353 1055 1394 invenero.
1515 1408 1520 1412 ἶ

337 1424 481 1475 Quum
521 1428 668 1467 autem
711 1424 968 1479 „benignum
1009 1430 1052 1466 et
1092 1423 1265 1479 plenum
1303 1424 1480 1480 ingenui
1510 1424 1685 1479 pudoris
1714 1428 1782 1467 est
1809 1425 1871 1467 fa-

226 1498 334 1549 teri,
372 1511 448 1551 per
488 1511 595 1550 quos
635 1497 889 1550 profeceris“
906 1529 915 1547 ,
954 1497 1022 1537 his
1061 1495 1183 1538 libris
1224 1496 1419 1538 nonnihil
1448 1510 1516 1538 me
1546 1510 1640 1539 esse
1668 1496 1868 1539 adiutum

227 1568 447 1625 profiteor:

337 1641 483 1692 Neue,
512 1641 761 1682 Formlehre
792 1641 829 1681 d.
859 1641 958 1681 Lat.
990 1641 1193 1693 Sprache.

339 1711 490 1764 Klotz,
519 1711 923 1754 Handworterbuch
954 1711 991 1753 d.
1022 1711 1119 1754 Lat.
1151 1710 1351 1767 Sprache.
