2056 3235
1247 61 1273 87 ἃ

835 120 1189 182 ’-ιἰ-

337 239 493 296 Obiter
520 246 692 307 'attingo
722 258 849 294 voces
869 250 1099 294 literarum
1110 249 1228 303 beta,
1257 249 1390 292 delta.
1418 261 1603 305 gamma,
1631 250 1735 302 iota,
1765 252 1874 304 quas

227 323 450 368 Ausonius
478 323 524 365 in
551 321 674 378 idyll.
705 326 769 363 12.
806 321 861 364 de
902 336 1086 365 monoss.
1127 320 1363 364 secundm
1400 320 1583 375 primam
1622 320 1873 363 declinatio-

228 407 327 443 nem
353 394 489 438 flexit.
546 394 611 436 De
641 408 727 448 qua
755 408 801 435 re
832 395 1031 437 conferas
1058 393 1200 447 Neue,
1222 392 1251 435 l.
1284 407 1317 434 c.
1346 392 1382 445 Ι,
1412 395 1492 434 596
1521 406 1613 448 sqq.
1644 396 1722 434 669
1753 407 1844 448 sqq.
1878 453 1881 455 .

881 494 941 540 11
969 493 1228 540 Declinatio.

338 582 578 627 Genetivus
606 583 1003 634 substantivorum,
1042 596 1223 637 quorum
1249 582 1546 624 nominativus
1573 582 1619 623 in
1648 595 1699 624 us
1729 582 1799 623 vel
1826 582 1872 623 in

228 669 300 697 um
329 643 612 710 praecedente
641 656 656 697 i
685 654 828 698 vocali
857 654 1131 707 terminatur,
1160 653 1319 708 quique
1348 652 1447 695 inde
1476 652 1531 696 ab
1555 653 1873 708 antiquissimis

227 728 495 783 temporibus
536 741 673 794 igsque
713 727 801 768 fere
843 726 898 768 ad
935 726 1209 780 Propertium
1249 738 1326 780 per
1364 739 1495 767 unam
1523 725 1540 766 i
1567 725 1743 767 literam
1781 740 1872 779 pro—

227 798 533 851 nunciabatur,
564 798 636 853 (cf.
667 799 802 850 Neue,
831 798 867 850 I,
897 812 936 852 p.
967 798 1039 852 90)
1069 797 1186 853 apud
1213 797 1459 839 Ausonium
1485 796 1737 852 plerumque
1766 797 1811 838 in
1840 798 1871 838 ii

227 870 399 912 desinit.
456 870 576 912 Haec
607 875 755 912 tamen
785 869 1097 911 contractionis
1126 867 1324 923 exempla
1351 868 1645 911 inveniuntur.

335 941 505 996 Aquari
543 942 589 983 in
629 941 763 997 eclog.
802 941 847 982 in
885 955 968 996 quo
1009 954 1153 982 mense
1195 939 1263 995 qd.
1303 940 1433 996 sign.;
1470 939 1662 995 Byzanti
1689 940 1736 981 in
1763 940 1871 995 prof.

233 1019 297 1067 16,
329 1018 415 1065 13.;
446 1013 623 1056 Canteri
653 1013 750 1067 (alii
782 1011 1013 1065 Canteris.)
1043 1013 1090 1054 in
1118 1013 1243 1067 epist.
1275 1017 1338 1064 14,
1370 1015 1433 1053 15.
1476 1010 1667 1067 Capitoli
1694 1012 1737 1053 in
1770 1011 1873 1053 clar.

228 1085 320 1127 urb.
354 1089 425 1137 13,
456 1089 539 1137 17.;
580 1085 750 1127 Durani
783 1086 828 1126 in
864 1083 986 1140 idyll.
1020 1089 1092 1138 10,
1121 1088 1237 1137 464.;
1275 1084 1420 1126 Hilari
1453 1084 1500 1126 in
1535 1088 1702 1140 parent.
1733 1088 1780 1136 6,
1810 1088 1873 1136 3.;

227 1156 384 1199 Horati
413 1157 458 1198 in
486 1158 593 1211 prof.
626 1161 672 1207 6,
702 1160 788 1207 53.;
827 1156 952 1197 Laeli
981 1157 1026 1197 in
1056 1157 1182 1211 epist.
1214 1161 1288 1208 24,
1316 1160 1405 1208 45.;
1433 1156 1593 1199 Leonti
1620 1157 1666 1198 in
1696 1157 1802 1210 prof.
1836 1160 1871 1207 7,

228 1232 276 1280 3,
307 1233 369 1269 16.
426 1228 570 1269 Lucili
597 1228 643 1269 in
673 1228 806 1283 epigr.
839 1232 908 1279 70,
940 1230 993 1278 7.;
1035 1228 1185 1283 negoti
1220 1231 1265 1270 et
1307 1228 1373 1270 oti
1409 1227 1456 1270 in
1483 1227 1606 1282 idyll.
1641 1232 1713 1279 17,
1742 1231 1780 1269 3.
1809 1232 1870 1277 4.;

100 1289 103 1292 ’
227 1299 291 1342 oti
320 1300 364 1341 in
393 1299 526 1355 epigr.
555 1303 620 1351 34,
653 1302 715 1339 15.
745 1298 817 1352 (cf.
848 1298 979 1354 Verg.
1012 1299 1058 1340 in
1087 1297 1139 1341 G.
1168 1303 1208 1351 4,
1237 1298 1363 1353 564).

338 1369 575 1413 Genetivos
604 1384 718 1411 num.
748 1370 858 1425 plur.
887 1370 931 1411 in
966 1369 1086 1422 ‚,um“
1118 1374 1327 1414 exeuntes
1356 1385 1549 1427 syncopa
1576 1372 1768 1414 admissa
1783 1371 1870 1413 Au-

229 1443 376 1485 sonius
404 1443 482 1485 hos
511 1442 707 1485 exhibet:
1110 1449 1113 1451 ’

339 1514 481 1556 Deum
510 1516 555 1556 in
583 1515 717 1571 epigr.
750 1519 841 1567 118,
872 1519 922 1567 6.,
951 1513 1103 1557 multis
1132 1514 1188 1557 al.
1218 1515 1293 1557 1.1.
1323 1515 1486 1557 Divum
1514 1515 1560 1557 in
1589 1516 1692 1557 clar.
1722 1515 1816 1558 urb.
1834 1522 1869 1568 1,

231 1586 292 1639 al.
316 1586 344 1627 l.
375 1585 587 1641 Superum
616 1587 662 1628 in
692 1587 826 1642 epigr.
856 1592 903 1638 3,
934 1591 970 1628 6.
1012 1586 1066 1628 al.
1095 1587 1124 1628 1.
1155 1602 1188 1629 s.
1227 1583 1230 1587 ’
1257 1586 1413 1629 Virum
1449 1588 1496 1629 in
1524 1592 1692 1642 parent.
1732 1592 1780 1640 6,
1812 1593 1869 1640 6.;

230 1656 353 1713 idyll.
386 1661 448 1710 10,
477 1662 569 1699 381.
626 1658 790 1704 Italum
819 1658 863 1699 in
894 1658 1015 1713 idyll.
1048 1661 1111 1710 10,
1141 1661 1233 1700 407.
1280 1657 1512 1701 Geminum
1540 1659 1585 1700 in
1615 1658 1868 1714 idyll.1,25.

230 1728 409 1771 Graium
438 1730 484 1771 in
511 1729 696 1784 perioch.
728 1734 763 1770 2.
794 1730 846 1771 Il.

866 1830 947 1876 ΙΙΙ.
976 1830 1230 1873 flecmatio.

338 1905 651 1948 Nonnullorum
692 1907 912 1948 nominum
951 1921 1090 1961 propr.
1128 1907 1397 1949 nominativo
1438 1907 1652 1963 singulari
1690 1909 1734 1949 in
1773 1910 1866 1960 „es“

229 1978 481 2020 exeuntium
521 1979 772 2033 genetivum
810 1977 1032 2020 Ausonius
1060 1977 1186 2020 flexit
1214 1978 1267 2020 ad
1299 1978 1627 2021 similitudinem
1656 1979 1869 2022 secundae

228 2048 543 2091 declinationis.

336 2120 526 2163 Achillei
567 2121 612 2162 in
652 2121 789 2175 epist:
808 2125 882 2173 24,
913 2125 989 2162 107
1029 2125 1074 2164 et
1108 2121 1267 2176 perich.
1302 2126 1340 2162 4.
1371 2121 1423 2164 11.
1488 2121 1634 2164 Afixei
1666 2123 1712 2164 in
1741 2123 1866 2178 epist.
1909 2122 1915 2127 ·
1967 2109 1969 2111 ’

229 2197 292 2245 16,
325 2197 403 2245 13.,
431 2192 535 2235 ibid.
567 2196 631 2244 24,
662 2195 752 2234 106.
808 2192 950 2235 Multo
980 2193 1118 2235 rarior
1146 2196 1213 2235 est
1241 2194 1473 2249 genetivus
1503 2193 1792 2237 Simonidei
1822 2195 1864 2236 in

226 2263 333 2319 prof.
362 2263 492 2306 Burd.
524 2267 587 2316 13,
618 2268 653 2304 6.
697 2264 749 2304 cf.
778 2263 913 2316 Neue,
941 2264 975 2305 I.
1000 2279 1038 2319 p.
1069 2268 1162 2306 340.
1191 2268 1283 2305 343.

336 2335 596 2379 Ablativum
633 2350 747 2377 num.
788 2336 945 2393 singul.
994 2336 1215 2379 Ausonius
1257 2336 1389 2379 semel
1429 2350 1504 2392 per
1542 2337 1606 2391 „i“
1651 2337 1866 2393 syllabam

227 2407 432 2462 protulit,
470 2422 545 2462 pro
576 2421 662 2461 qua
691 2408 949 2462 optimorum
979 2408 1269 2451 Romanorum
1306 2423 1409 2451 usus
1448 2409 1617 2452 dicendi
1630 2443 1641 2463 ,
1686 2411 1760 2465 qui
1794 2419 1864 2456 ‚est

225 2492 375 2520 norma
405 2477 600 2528 dicendi,
642 2478 714 2529 „e“
746 2478 986 2521 obtinebat.
1045 2479 1221 2532 (Missos
1264 2481 1376 2522 facio
1418 2480 1637 2524 ablativos
1676 2484 1792 2524 amni
1820 2483 1865 2523 in

225 2549 347 2606 idyll.
380 2553 451 2604 10,
479 2554 559 2592 436
591 2552 635 2592 et
664 2550 767 2593 navi
795 2551 840 2593 in
870 2550 993 2606 epist.
1026 2554 1090 2591 22.
1120 2565 1182 2606 pr.
1234 2556 1277 2594 et
1315 2552 1501 2607 perioch.
1529 2556 1569 2594 4.
1599 2551 1700 2606 Od.,
1737 2554 1809 2608 qui
1840 2568 1866 2595 a

226 2623 421 2677 politivis
452 2625 583 2666 etiam
612 2623 661 2664 L.
697 2623 745 2664 L.
776 2624 873 2665 aevi
903 2622 1186 2677 scriptoribus
1214 2625 1414 2679 usurpati
1442 2628 1545 2669 sunt
1574 2626 1627 2668 cf.
1657 2625 1800 2678 Neue,
1830 2626 1864 2667 I.

224 2681 265 2749 p.
297 2700 389 2737 219.
421 2700 511 2739 214.
544 2697 667 2751 216).
725 2695 777 2738 In
807 2695 941 2751 epigr.
973 2699 1036 2748 12,
1066 2698 1091 2737 8
1121 2695 1324 2752 legitur,
1326 2697 1607 2754 ,occipiti“.
1646 2697 1695 2740 L.
1726 2711 1780 2741 c.:

167 2753 172 2757 ⁵
489 2768 677 2823 Occipiti
707 2768 830 2809 calvo
860 2781 917 2808 es.
974 2767 1041 2808 Ne
1069 2771 1222 2810 tenear
1249 2769 1434 2823 fugiens.

334 2839 385 2881 In
416 2854 502 2895 qua
533 2840 718 2883 ablativi
747 2841 885 2883 forma
915 2839 949 2881 si
981 2822 1304 2894 offenderimus,
1344 2840 1485 2884 locum
1521 2841 1707 2885 citatum
1736 2840 1865 2887 facile

225 2910 287 2952 sic
317 2911 543 2954 emendare
572 2913 803 2968 possimus:

488 2984 683 3040 Occipite
712 2998 758 3027 es
788 2984 910 3026 calvo
943 3017 950 3026 .
983 3017 991 3026 .
1024 3017 1032 3026 .

1809 0 2056 277 ἲ

2030 294 2056 503 ξ
