2056 3235
917 147 1190 192 ψει...

339 258 500 302 Forma
526 259 826 328 reminisco,
856 260 982 303 cuius
1008 259 1144 303 Prisc.
1176 259 1233 315 (8,
1264 253 1302 314 6,
1323 263 1390 302 29.
1418 275 1459 317 p.
1483 260 1582 317 ⁷99)
1611 246 1896 319 menfionemJ

228 331 349 385 facit,
380 330 436 374 ab
465 330 663 374 Ausonio
691 331 786 387 ipso
814 331 861 373 in
889 332 1024 389 epigr.
1053 336 1120 385 48,
1148 336 1201 373 49
1229 332 1513 388 improbatur.
1648 388 1652 390 .
1884 329 1894 339 ⁶

342 402 387 455 6)
416 402 548 446 Haud
565 403 622 446 ab
639 414 686 445 re
701 403 887 458 denique
899 402 1007 447 duco
1036 404 1267 448 verborum
1295 404 1601 460 deponentium
1626 406 1875 462 partieipia,

229 474 288 517 ab
314 473 510 519 Ausonio
540 475 717 531 passiva
745 475 922 538 notione
951 475 1146 531 prolata,
1186 476 1256 518 hic
1292 477 1463 519 referre.
1529 476 1615 520 Sed
1641 477 1875 522 brevitatis
2029 450 2056 513 Ῐ

228 558 362 588 eausa
391 559 442 589 ea
472 540 626 590 omitto
641 580 651 599 ‚
690 559 802 602 quae
831 542 948 602 apud
976 548 1162 602 optimos
1191 549 1324 591 etiam
1353 560 1506 603 prosae
1536 550 1746 592 orationis
1774 550 1874 592 scr-i-

226 622 374 674 ptores
401 633 487 662 non
516 633 615 662 raro
643 618 931 676 reperiuntur.

336 691 386 732 In
419 691 605 746 perioch.
634 691 676 733 11
704 705 792 746 pin:

491 763 635 818 raptio
655 762 850 806 Helenae
874 777 985 819 quae
1006 756 1206 819 opinione
1225 767 1422 808 veterum
1451 762 1715 819 bipertita
1743 768 1871 808 est—-

227 835 509 891 participium
546 834 759 890 bipertita
798 835 971 889 passive
1010 834 1181 878 dicitur.
1238 835 1304 877 De
1333 836 1509 890 passiva
1538 836 1713 878 notione
1742 836 1873 891 parti·
1960 842 1967 845 ”

228 907 331 962 oipii
361 920 400 961 q.
432 920 467 948 e.
503 905 743 961 bipartitus
783 905 959 949 disserit
987 905 1131 959 Neue,
1160 907 1218 949 ΙΙ.
1248 922 1289 962 p.
1320 910 1411 949 233.
1476 905 1628 962 Neque
1658 920 1758 950 vero
1788 922 1872 950 non
1930 902 1935 908 ’

226 978 318 1020 veri
357 977 498 1020 simile
540 982 630 1030 est,
669 977 949 1032 participium
987 977 1199 1033 bipertita
1237 978 1292 1021 ab
1322 978 1467 1021 activo
1505 977 1689 1032 quodam
1728 978 1872 1032 verbo,

228 1049 341 1105 quod
371 1053 439 1093 est
466 1048 655 1105 bipertio
686 1048 885 1092 derivari.

334 1121 388 1163 In
415 1122 549 1177 epigr.
587 1123 679 1173 135,
709 1124 749 1161 5.
807 1119 971 1175 „Saepe
1002 1134 1081 1176 ego
1110 1122 1347 1164 mentitis
1376 1122 1532 1165 tremui
1562 1135 1674 1165 nova
1711 1123 1872 1165 femina

231 1192 417 1236 somnis“
449 1215 517 1246 —,
549 1192 748 1236 mentitis
777 1191 954 1248 passiva
982 1192 1159 1236 notione
1189 1197 1268 1236 est.

334 1265 387 1308 In
418 1266 554 1322 eqigr.
586 1269 651 1318 13,
682 1269 746 1306 17.
780 1264 1030 1319 „oblitaque
1060 1265 1223 1321 gaudia
1251 1266 1429 1322 iunge“‚
1458 1250 1629 1309 oblita
1656 1267 1875 1322 passivam

225 1339 447 1381 notionem
474 1337 653 1380 habent.

335 1408 409 1452 sio
438 1409 482 1451 in
511 1408 637 1464 idyll.
666 1413 705 1462 4,
737 1412 824 1450 52:
855 1407 996 1451 oblita
1025 1407 1218 1456 mihi‚tot
1240 1397 1456 1460 earmina3
1485 1409 1530 1450 in
1564 1408 1773 1464 idy11.11.
1804 1422 1872 1466 pr:

227 1479 349 1530 Quae
380 1481 505 1523 omisi
534 1494 618 1522 non
650 1479 803 1532 oblita,
832 1480 908 1522 sed
936 1480 1178 1534 praeterita
1207 1480 1441 1526 existimet.

335 1552 533 1607 Denique
563 1553 608 1594 in
637 1550 974 1606 praefatiuncul.
1006 1556 1050 1604 2,
1079 1555 1145 1594 43.
1197 1550 1295 1604 „Sic
1336 1552 1468 1595 etiam
1504 1556 1650 1595 nostro
1681 1552 1873 1607 praefa-

223 1630 311 1667 tus
339 1624 556 1666 habebere
583 1623 736 1674 libro“‚
765 1623 993 1677 praefatus
1022 1623 1197 1677 passive
1228 1623 1397 1665 dicitur.
1722 1618 1727 1623 ’

1000 1913 1038 1964 ξ.
1070 1916 1107 1954 2.

606 2012 631 2016 ”
686 2021 751 2075 De
785 2021 1037 2075 verborum
1071 2019 1422 2088 coniugatione.

334 2135 540 2178 Insuetae
581 2133 811 2177 verborum
841 2133 1197 2189 coniugationum
1225 2132 1410 2185 formae,
1448 2146 1570 2192 quae,
1592 2131 1707 2188 apud
1734 2132 1873 2177 Auso-

223 2208 343 2251 nium
371 2206 661 2263 reperiuntur,
690 2206 881 2248 maxima
910 2220 963 2248 ex
991 2210 1117 2261 parte
1147 2204 1387 2247 archaismo
1417 2203 1674 2247 tribuendae
1691 2210 1818 2248 sunt.

334 2278 589 2322 Obsoletam
625 2277 835 2321 infinitivi
864 2291 1002 2333 praes.
1032 2292 1146 2332 pass.
1177 2278 1376 2330 formam,
1408 2291 1518 2332 quae
1549 2277 1708 2320 desinit
1737 2278 1782 2319 in
1813 2291 1870 2330 er,

223 2351 354 2396 semel
385 2348 502 2407 apud
528 2349 775 2394 Ausonium
802 2350 943 2406 reperi
969 2349 1016 2393 in
1044 2349 1178 2406 epigr.
1211 2352 1302 2404 139,
1335 2352 1375 2392 7:

485 2422 635 2477 Atque
665 2422 836 2465 utinam
866 2426 910 2464 et
940 2421 1101 2464 Thebis
1132 2422 1328 2476 quissent
1360 2421 1615 2476 partirier
1643 2422 1773 2475 ipsas.

223 2495 287 2539 Cf.
317 2494 574 2548 Ramshorn,
604 2492 794 2538 Gramm.
826 2494 864 2547 ξ.
895 2498 959 2548 62,
990 2498 1014 2537 5
1036 2494 1077 2537 h.

332 2567 606 2609 Infinitivum
634 2566 741 2621 perf.
772 2570 856 2608 act.
871 2598 880 2616 ‚
919 2580 996 2621 per
1038 2576 1272 2621 syncopam
1315 2570 1609 2616 contractum,
1647 2564 1868 2607 Ausonius

221 2638 290 2683 bis
319 2638 509 2682 exhibet.

329 2711 383 2753 In
412 2711 502 2753 lud.
527 2710 586 2752 de
615 2714 724 2765 sept.
755 2724 845 2765 sap.
875 2710 983 2752 Lud.
1015 2711 1216 2764 scripse
1247 2714 1291 2752 et
1321 2710 1349 2751 l.
1380 2723 1414 2751 c.
1445 2724 1507 2752 vs.
1541 2714 1597 2750 7.:
1628 2709 1758 2762 dixe;

488 2774 593 2824 ibi'd.
624 2774 769 2825 Cleob.
801 2785 838 2823 8.
871 2778 1000 2824 dixe.

330 2854 353 2897 I
383 2854 549 2898 vocalis
578 2861 655 2910 per
684 2862 919 2909 syncopam
950 2853 1082 2896 etiam
1112 2853 1156 2894 in
1195 2852 1427 2908 participio
1468 2852 1720 2908 impostus
1758 2854 1867 2897 elisa

220 2932 301 2972 est.
358 2927 410 2970 In
440 2927 566 2983 epist.
597 2930 635 2980 8,
664 2930 722 2968 5.;

488 2997 750 3054 Coi-nipedes
780 2998 956 3053 rapiant
984 2998 1172 3052 imposta
1195 2997 1391 3053 *petorita
1420 2996 1575 3040 mulae.
