2056 3235
887 123 941 131 -
1000 84 1162 142 164-

200 206 501 258 ostendamus‚
545 208 590 250 in
629 208 919 253 substantivis
959 207 1231 252 declinandis
1271 218 1482 263 quasnam
1523 206 1748 252 Ausonius
1786 190 1891 253 lia-4

199 277 306 321 beat
333 279 635 334 proprietates.

975 460 1015 511 ς.
1047 464 1083 501 2.

579 566 644 620 De
679 567 1096 622 substantivorum
1130 566 1467 620 declinatione.

304 679 574 722 Inusitatum
614 680 717 735 quid
757 680 891 723 etiam
931 680 975 721 in
1006 679 1228 722 nominum
1259 679 1639 723 substantivorum
1670 681 1855 724 declina·

118 754 122 758 ‘
194 751 313 793 tione
353 750 578 794 Ausonius
618 752 847 795 affectavit
887 756 1021 805 atque
1068 751 1301 793 maximam
1352 756 1524 806 partem
1571 753 1854 807 antiquitatis

193 821 338 864 studio
370 821 674 877 obtemperans
703 824 758 864 iis
787 823 939 865 formis
968 836 1072 864 usus
1094 826 1174 874 est,
1203 835 1318 876 quae
1333 823 1452 864 inter
1472 823 1748 875 archaismos,
1778 825 1852 877 qui

192 898 419 946 vocantur,
448 893 740 938 numerandae
770 898 886 937 sunt.
936 893 1144 937 Nostrum
1175 896 1255 945 est,
1286 894 1482 948 quinque
1513 894 1854 938 declinationum

191 964 363 1008 ordines
392 965 595 1021 deinceps
624 966 885 1009 examinare.

853 1065 889 1107 l.
919 1064 1178 1110 Declinatio.

301 1141 475 1185 Primae
520 1141 827 1186 declinationis
868 1141 1099 1196 genetivus
1140 1141 1272 1183 semel
1313 1141 1430 1196 apud
1460 1141 1704 1185 Ausonium
1738 1144 1783 1187 in
1812 1143 1855 1187 ai

191 1212 407 1268 syllabam
438 1214 610 1257 desinit.
669 1214 722 1257 In
752 1212 876 1267 idyll.
909 1217 945 1265 7,
975 1216 1032 1254 5.:

455 1286 599 1329 Matre
629 1300 792 1339 carens,
820 1284 1008 1327 nutricis
1038 1298 1183 1340 egens,
1213 1286 1401 1328 nescivit
1430 1285 1580 1328 herai

453 1357 701 1414 Imperium.
972 1354 996 1379 ³⁹

299 1429 508 1473 Mutilum
548 1435 616 1474 est
652 1432 733 1474 hoc
772 1417 988 1473 distichon
1027 1429 1189 1471 lacuna
1226 1434 1429 1471 exstante
1460 1430 1510 1471 in.
1540 1444 1669 1474 versu
1697 1433 1849 1477 altero.

188 1501 298 1544 Inde
327 1502 622 1558 Boeckingius
650 1504 695 1545 in
732 1503 837 1545 edit.
866 1501 1035 1544 Mosen.
1067 1515 1108 1555 p.
1141 1505 1189 1542 71
1224 1498 1423 1554 (Bonnae
1454 1500 1611 1557 1842),
1656 1506 1725 1547 cui
1758 1506 1849 1557 „he-

188 1571 281 1614 rai“
296 1577 547 1627 suspectum
568 1578 694 1627 esset,
724 1574 948 1629 Scaligero
978 1576 1157 1614 auctore
1186 1572 1353 1626 recepit
1380 1572 1426 1613 in
1456 1569 1635 1616 textum
1651 1576 1849 1628 ,‚herile“.

189 1642 278 1686 Sed
305 1657 443 1697 verer,
471 1650 522 1688 ut
552 1646 705 1689 doctus
733 1646 809 1688 ille
839 1646 907 1687 vir
935 1645 1056 1686 iusta
1085 1643 1256 1686 nitatur
1285 1643 1468 1685 ratione.
1532 1645 1645 1688 Nam
1675 1661 1751 1689 cur
1763 1646 1851 1690 Au·

188 1715 361 1768 sonim,
403 1717 562 1772 quippe
591 1718 829 1761 vetustatis
860 1716 1188 1759 amantissimus
1218 1714 1283 1768 (id
1314 1714 1426 1768 quod
1456 1717 1615 1760 multis
1645 1719 1851 1774 exemplis

188 1787 304 1830 infra
333 1787 485 1831 allatis
515 1791 624 1832 satis
654 1788 855 1845 apparet)
884 1789 997 1831 hanc
1027 1791 1248 1830 vetustam
1280 1786 1469 1829 formam.
1492 1794 1750 1844 aspernatus
1779 1791 1850 1844 sit,

189 1859 389 1913 equidem
416 1875 501 1903 non
533 1860 672 1903 video.

298 1930 438 1974 Aliud
466 1932 559 1974 eius
588 1933 782 1988 genetivi
814 1931 1059 1985 exemplum
1088 1929 1255 1985 legitur
1283 1929 1328 1970 in
1345 1928 1515 1973 Auson.
1547 1932 1731 1988 eclogar.
1762 1947 1849 1976 car-

188 2003 323 2055 mine,
365 2003 479 2058 quod
508 2003 782 2046 inscribitur:
823 2001 874 2052 Q.
907 2001 1127 2045 Ciceronis
1156 2014 1310 2042 versus
1340 2013 1394 2044 eo
1425 2003 1644 2057 pertinent
1674 2008 1753 2047 etc.
1784 2019 1846 2047 vs.

190 2079 269 2127 10,
307 2074 488 2130 Nepai.
558 2074 642 2118 Sed
681 2075 725 2118 id
767 2088 941 2117 carmen
981 2071 1032 2122 Q.
1076 2071 1276 2115 Ciceroni
1315 2073 1598 2117 tribuendum
1636 2079 1714 2118 est.
1783 2075 1845 2119 Of.

186 2147 334 2191 Burm.
362 2146 544 2191 Anthol.
574 2147 673 2189 Lat.
704 2151 742 2199 5,
771 2151 837 2188 41.
868 2146 1017 2188 Meier.
1050 2149 1114 2186 66.

298 2219 567 2263 Terminatio
608 2219 804 2276 genetivi
843 2231 959 2260 num.
999 2216 1110 2271 plur.
1154 2215 1280 2268 ‚‚um“
1326 2232 1402 2271 pro
1447 2220 1617 2271 ‚,arum“
1656 2209 1846 2274 syncopa

187 2291 377 2335 admissa
406 2291 480 2345 (cf.
510 2291 644 2334 Prisc.
678 2296 714 2343 7,
743 2295 781 2343 3,
812 2295 849 2333 9.
880 2304 922 2346 p.
956 2287 1071 2343 732),
1103 2287 1159 2330 ab
1200 2287 1400 2334 Ausonio
1437 2291 1481 2333 in
1518 2291 1637 2334 hisce
1665 2291 1846 2335 vocibus

186 2364 435 2406 exhibetur:

296 2433 551 2477 Aeneadum
580 2436 625 2476 in
654 2435 789 2489 epigr.
819 2437 891 2483 33,
923 2437 959 2473 2.
990 2432 1046 2473 al.
1076 2431 1125 2481 l.;
1185 2430 1401 2474 Druidum
1435 2433 1480 2474 in
1509 2435 1623 2488 prof.
1662 2439 1735 2485 10,
1777 2439 1842 2475 22.

189 2512 234 2551 et
263 2506 453 2563 epitaph.
485 2511 569 2559 27.;
610 2503 877 2550 Caelicolum
906 2503 953 2546 in
983 2501 1107 2559 idyll.
1142 2506 1205 2544 12.
1239 2502 1291 2546 de
1321 2503 1431 2558 deis,
1460 2504 1515 2548 al.
1545 2505 1573 2548 l.
1603 2505 1652 2557 l.;
1697 2504 1843 2550 Oecro-
1867 2492 1873 2497 '

187 2579 335 2635 pidum
373 2580 418 2621 in
458 2580 583 2635 epist.
625 2583 700 2630 24,
740 2581 815 2629 55;
853 2576 1092 2619 Latoidum
1130 2576 1175 2617 in
1215 2577 1404 2632 epitaph.
1436 2583 1509 2629 27;
1545 2579 1766 2621 Macetum
1796 2580 1841 2621 in

189 2653 291 2695 clar.
321 2652 415 2694 urb.
448 2657 485 2704 2,
514 2655 552 2692 9.
610 2650 923 2693 Sauromatum
951 2648 998 2691 in
1027 2647 1152 2703 idyll.
1185 2653 1251 2702 10,
1280 2654 1317 2691 9.

299 2723 572 2779 Terminatio⁴
597 2722 739 2765 dativi
767 2734 844 2763 seu
874 2720 1065 2762 ablativi
1093 2734 1211 2761 num.
1241 2721 1351 2775 plur.
1373 2722 1531 2773 „abus“
1565 2737 1648 2764 uno
1668 2727 1841 2765 tantum

187 2798 283 2840 loco
314 2796 430 2852 apud
457 2795 703 2839 Ausonium
731 2794 951 2849 reperitur
979 2793 1026 2834 in
1055 2792 1243 2847 perioch.
1277 2798 1340 2836 11.
1371 2792 1466 2837 Od.:

454 2867 615 2911 circum
643 2865 897 2910 volantibus
929 2864 1064 2906 anim
1074 2863 1135 2906 ab
1144 2877 1173 2906 u
1182 2878 1214 2905 s.

188 2941 252 2985 Of.
284 2955 394 2995 quae
424 2941 476 2984 de
504 2940 812 2985 terminatione
844 2938 1005 2992 „abus“
1039 2937 1258 2984 disseruit.
1287 2939 1422 2994 Neue,
1450 2940 1486 2983 I.
1510 2955 1550 2996 p.
1572 2945 1637 2983 21.
1667 2955 1758 2996 sqq.
1774 2944 1839 2984 30.
