2056 3235
898 104 1247 187 -36-Q

324 257 497 313 „Atque
525 256 823 301 Pudentillam
852 255 988 299 fantis
1015 254 1175 298 honore
1203 253 1333 299 colit“
1377 255 1439 299 sic
1468 255 1683 314 Scaliger3
1726 221 1901 321 ‘vines'-¹

210 333 285 371 tus
313 329 427 371 male
460 330 635 381 „fratris
664 328 849 370 amore“.
905 327 959 369 In
987 327 1095 381 prof.
1126 330 1191 379 21,
1222 331 1286 368 23.
1316 328 1518 382 supinum
1547 329 1666 372 fatu:

473 400 635 443 Dulcia
663 400 761 444 fatu
792 398 924 443 verba
954 402 1192 442 canentem.

319 470 388 513 Ex
415 471 564 514 formis
593 471 716 513 verbi
746 485 785 525 q.
816 484 850 512 e.
891 484 999 525 queo
1038 473 1212 524 praeter
1238 470 1429 512 usitatas
1467 470 1689 514 Ausonius
1718 472 1854 526 quis·
1879 492 1881 494 ·

210 548 328 587 sent
356 542 534 587 exhibet
562 543 608 586 in
639 543 772 600 epigr.
804 545 897 596 139,
928 546 963 584 7.
1020 540 1083 584 Of.
1112 540 1248 595 Neue,
1276 541 1335 584 H.
1367 546 1458 584 399.

320 617 362 659 A
389 629 556 671 nequeo
584 615 866 671 participium
894 615 1143 670 nequiens
1171 614 1217 656 in
1245 614 1353 670 prof.
1382 614 1513 657 Burd.
1544 619 1582 668 2,
1612 619 1676 657 29.

317 687 454 730 Aliud
497 687 678 730 verbum
719 687 983 730 defectivum
1012 690 1079 729 est
1107 686 1305 739 memini,
1346 687 1468 729 cuius
1506 701 1652 729 rarum
1679 688 1853 743 partici-

208 761 329 815 pium
366 760 649 802 meminens
688 759 805 815 apud
841 759 1085 802 Ausonium
1123 759 1168 800 in
1197 758 1305 813 prof.
1338 764 1383 811 1,
1412 763 1478 801 40.
1507 759 1687 815 legitur:
1726 759 1852 804 Vivis
1895 788 1900 792 κ

207 831 349 873 adhuc
378 831 476 874 aevi
506 831 620 885 quod
648 832 779 886 periit
807 832 1056 874 meminens.
1114 830 1178 872 Of.
1206 829 1342 883 Neue,
1369 830 1428 872 Π.
1458 846 1498 886 p.
1527 836 1621 873 478.

316 903 384 946 De
414 907 603 959 quatuor
635 902 726 945 illis
765 917 874 958 quas
912 901 1188 959 grammatici
1226 905 1431 945 statuunt
1472 902 1852 960 coniugationibus

208 975 394 1031 denique
423 975 666 1031 generatim
695 974 930 1027 disserens,
969 987 1108 1029 pauca
1146 972 1280 1015 verba
1318 974 1475 1016 faciam
1514 975 1566 1016 de
1601 977 1749 1019 formis
1778 978 1868 1031 per'

207 1062 445 1103 syncopam
474 1061 497 1089 e
525 1046 797 1103 longioribus
826 1046 872 1088 in
899 1045 1121 1088 breviores
1151 1045 1401 1088 contractis.

316 1118 545 1162 Breviores
573 1119 734 1163 formas
761 1118 984 1160 Ausonius
1023 1117 1161 1160 multo
1201 1118 1341 1173 magis
1381 1123 1518 1170 amat,
1554 1120 1749 1162 oratione
1778 1134 1852 1162 nu·
1893 1164 1896 1165 γ

206 1192 336 1234 meris
377 1191 581 1234 devincta
619 1194 735 1233 certe
773 1190 1025 1246 plerumque
1062 1188 1303 1242 breviores,
1342 1190 1556 1245 pleniores
1597 1192 1769 1248 saepius
1806 1192 1851 1234 in

206 1276 401 1306 sermone
431 1262 575 1306 soluto
605 1262 794 1314 exhibet,
825 1261 983 1316 quippe
1014 1274 1124 1315 quae
1154 1261 1315 1315 optime
1346 1268 1587 1318 congruant
1615 1264 1670 1306 ad
1697 1263 1851 1323 longas

205 1350 314 1391 quas
342 1336 452 1378 facit
481 1334 694 1390 periodos,
723 1334 954 1376 verborum
982 1333 1107 1387 copia
1136 1332 1390 1387 ambituque
1406 1333 1710 1378 redundantes.
1741 1335 1850 1378 Lon-

205 1408 348 1463 giores
378 1411 526 1450 autem
554 1406 715 1449 formas
744 1405 826 1448 hac
853 1405 1023 1447 ratione
1053 1404 1272 1447 contraxit
1301 1418 1377 1446 seu
1407 1406 1642 1450 mutilavit.

313 1495 541 1538 Permulta
579 1494 696 1549 apud
733 1493 977 1536 Ausonium
1005 1493 1242 1547 reperimus
1272 1494 1470 1548 exempla
1499 1496 1592 1537 eius
1621 1509 1850 1551 syncopae,

205 1572 255 1611 ut
283 1567 419 1609 verba
445 1566 611 1622 primae
640 1571 684 1607 et
714 1568 897 1619 quartae
928 1565 1248 1619 coniugationis
1277 1570 1469 1620 tempore
1498 1568 1689 1621 perfecto
1719 1573 1764 1609 et
1793 1567 1849 1609 ab

203 1640 285 1682 hoc
313 1637 584 1693 temporibus
614 1636 824 1679 derivatis
853 1651 875 1677 r
903 1636 1032 1678 litera
1062 1635 1171 1677 elisa
1200 1635 1308 1678 duas
1328 1637 1500 1679 vocales
1528 1638 1575 1679 in
1603 1652 1735 1680 unam
1762 1638 1850 1681 lon—

204 1726 306 1768 gam
336 1709 609 1754 contrahant.
667 1707 740 1751 Sic
768 1708 974 1759 mutasti,
1005 1711 1202 1762 optaras,
1233 1708 1522 1761 continuarit,
1552 1711 1674 1753 scisti
1704 1709 1848 1765 (Grat.

198 1788 284 1826 act.
314 1781 387 1835 57)
417 1781 600 1832 scieras,
631 1780 831 1834 punisse,
861 1780 1058 1833 quissent
1088 1779 1242 1834 (epigr.
1275 1784 1374 1832 139,
1407 1779 1475 1835 7.).
1533 1781 1618 1824 Sed
1647 1783 1845 1838 exempla

196 1855 283 1896 huc
322 1852 567 1895 revocanda
605 1851 732 1906 plura
770 1855 894 1902 sunt,
955 1865 1086 1905 quam
1123 1855 1174 1894 ut
1214 1866 1265 1893 ea
1304 1852 1448 1895 omnia
1487 1853 1558 1895 hic
1598 1853 1757 1896 referre
1796 1853 1844 1896 li-

199 1930 309 1969 ceat.
367 1923 566 1967 Sufficiat
595 1923 813 1966 monuisse
842 1922 1086 1964 Ausonium
1125 1922 1376 1978 plerumque
1406 1925 1567 1967 formas
1596 1930 1844 1969 contractas
1923 1964 1930 1967 ,

197 2010 355 2040 amare.

305 2084 453 2127 Minus
492 2087 620 2138 saepe
669 2096 800 2137 quum
840 2082 956 2137 apud
993 2082 1236 2124 Ausonium
1274 2088 1368 2126 tum
1407 2084 1523 2139 apud
1558 2090 1722 2129 ceteros
1762 2087 1843 2131 Ro-

196 2170 420 2199 manorum
449 2159 603 2210 poetas
631 2154 794 2197 formae
825 2157 1075 2196 contractae
1104 2154 1333 2197 verborum
1369 2157 1582 2200 secundae
1612 2164 1656 2201 et
1683 2160 1843 2202 tertiae

197 2226 521 2284 coniugationis
559 2226 604 2267 in
643 2239 726 2267 usu
755 2229 879 2277 sunt,
919 2238 1101 2279 quorum
1129 2227 1371 2281 perfectum
1401 2229 1445 2269 in
1476 2230 1566 2281 evi,
1607 2231 1677 2272 ovi
1707 2236 1752 2273 et
1780 2232 1841 2273 ivi

195 2295 470 2343 terminatur.
526 2297 659 2352 Apud
686 2296 930 2339 Ausonium
957 2296 1037 2338 has
1066 2297 1315 2340 observavi:
1538 2295 1540 2297 ’

304 2387 357 2429 In
387 2389 555 2442 parent.
585 2390 632 2438 4,
664 2388 728 2426 25.
758 2373 895 2435 flesti,
923 2384 968 2425 in
1007 2383 1132 2427 Grat.
1172 2389 1256 2428 act.
1297 2391 1350 2428 80
1387 2380 1592 2441 inolesti,
1622 2391 1668 2432 in
1706 2392 1839 2448 epigr.

198 2463 341 2512 141,2.
371 2457 513 2509 nosti;
542 2457 588 2499 in
618 2456 741 2511 idyll.
774 2460 923 2507 13,17.
953 2456 1092 2507 noris;
1122 2456 1167 2497 in
1197 2457 1387 2514 epitaph.
1405 2464 1441 2501 5.
1470 2475 1618 2513 nosse;
1648 2462 1693 2503 in
1722 2477 1841 2517 prae-

195 2531 377 2573 fatiunc.
410 2534 446 2581 2,
476 2533 513 2570 3.
544 2542 715 2579 nosses,
744 2528 790 2569 in
819 2527 942 2581 idyll.
974 2532 1010 2567 8.
1043 2528 1255 2582 cupisset;
1285 2532 1546 2585 concupisti3
1576 2533 1621 2575 in
1650 2533 1772 2588 idyll.
1802 2539 1839 2577 8.

194 2616 257 2658 pr.
287 2601 477 2644 desieras
501 2601 550 2654 ,in
581 2598 771 2655 epitaph.
804 2602 924 2651 38,3.
949 2598 1192 2641 lacessieris
1221 2600 1264 2642 in
1295 2602 1420 2657 epist.
1441 2608 1505 2645 11.
1534 2617 1619 2658 pr.;
1650 2605 1840 2659 quaesie-

193 2674 253 2715 ris
292 2673 339 2715 in
377 2672 502 2715 Grat.
533 2676 617 2714 act.
649 2676 713 2712 38.
745 2669 938 2723 (Such.);
966 2671 1129 2712 intristi
1161 2672 1204 2711 in
1236 2672 1356 2727 idyll.
1390 2679 1424 2715 7.
1448 2690 1515 2729 .pr.

303 2760 355 2802 In
386 2744 531 2803 verbis
561 2760 833 2815 compositis,
863 2774 889 2801 a
918 2758 1049 2800 verbo
1081 2759 1209 2801 eundi
1240 2760 1468 2814 derivatis,
1499 2763 1721 2806 Ausonius
1750 2778 1839 2806 sae-

193 2833 370 2887 pissime
398 2847 421 2874 r
448 2833 623 2875 literam
650 2838 844 2886 tempore
874 2832 1066 2886 perfeeto
1097 2836 1141 2873 et
1170 2832 1225 2873 ab
1256 2833 1334 2875 hoc
1369 2830 1637 2890 temporibus
1675 2837 1839 2880 deriva—

192 2903 253 2947 tis
282 2903 408 2947 elidit
437 2907 482 2947 et
510 2902 635 2945 modo
666 2903 769 2945 i—-i
800 2904 842 2945 in
874 2906 890 2942 i
920 2901 1151 2956 contrahit,
1182 2903 1305 2947 modo
1335 2907 1674 2950 contractionem
1696 2908 1837 2964 negle-

193 2977 273 3032 git.
343 2975 416 3019 Sic
445 2977 489 3017 in
519 2974 657 3029 idylh
675 2980 710 3015 2.
741 2979 853 3030 perit
897 2980 940 3017 et
976 2975 1167 3026 interiit;
1208 2977 1251 3018 in
1282 2978 1471 3033 epitaph.
1503 2982 1576 3030 31,
1608 2985 1643 3021 2.
1674 2985 1720 3024 et
1748 2980 1835 3023 lud.
