2056 3235
878 113 1148 157 ..14—

318 215 563 268 Iuniades
590 221 836 278 patronym.
863 219 920 269 ab
948 220 1075 277 Iunio
1104 221 1150 277 in
1178 219 1301 281 1113111.
1333 226 1396 277 11,
1428 226 1491 278 36⁴.

318 287 481 331 lallus
509 289 590 331 vel
618 289 804 333 lallum
830 291 874 345 ³³)
905 292 1030 347 epist.
1062 296 1133 345 16,
1162 281 1230 334 91.

318 374 530 415 uausum
559 360 716 420 (genus
744 361 932 420 navigii)
963 364 1088 420 epist.
1122 368 1186 420 22.
1217 378 1292 419 pr.-

319 447 449 487 pava
479 433 612 489 epig-r.
644 438 709 487 69,
737 439 776 477 4.
835 434 899 478 Cf.
928 450 969 491 p.
1001 423 1065 481 15.
1094 436 1220 496 infra.

323 504 556 559 platessa
587 504 732 561 (pisc.)
762 507 889 562 epist.
918 512 957 560 4,
988 511 1051 549 60.

318 576 437 619 redo
468 574 614 631 (pisc.)
643 578 747 632 ibid.
778 583 843 621 89.

319 647 459 689 salar
489 646 679 703 (forelle)
708 649 814 692 ibid.
845 655 910 692 88.
944 655 1035 693 128.

319 718 460 760 tinca
491 718 766 774 (pisciculus)
794 721 899 763 ibid.
931 726 1022 763 125.

295 789 416 831 Haec
454 795 557 833 sunt
596 792 772 834 nomina
802 792 1105 845 substantiva,
1149 808 1259 848 quae
1295 795 1517 838 Ausonius
1556 802 1633 839 aut
1671 780 1833 850 primus

185 865 264 902 aut
303 860 420 902 solus
459 863 702 917 usurpavit.
778 863 930 918 Neque
968 868 1116 907 tamen
1164 867 1376 909 novitatis
1412 866 1555 909 studio
1594 867 1750 910 ductus
1787 868 1831 910 in

185 931 253 972 his
282 932 546 986 acquiescit,
584 934 714 976 immo
755 935 897 977 multa
937 935 1027 977 alia
1067 936 1348 979 substantiva
1381 938 1597 980 inusitata
1634 942 1685 980 ac
1710 952 1833 985 ,nova

184 1003 493 1046 terminatione
532 1004 709 1047 exhibet
747 1005 921 1060 aliaque
959 1020 1035 1061 per
1074 1020 1310 1062 apocopam
1331 1041 1340 1056 ,
1377 1009 1466 1050 alia
1494 1022 1570 1063 per
1598 1023 1832 1064 syncopam

185 1074 364 1136 mutilat
393 1089 445 1117 ac
472 1080 665 1120 truncat.

571 1186 852 1231 substantiva
878 1188 1093 1234 inusitata
1121 1190 1443 1235 terminatione.

317 1273 502 1316 Arelas
537 1288 614 1329 pro
653 1275 885 1328 „Arelate“
926 1277 971 1318 in
1010 1277 1113 1319 clar.
1154 1277 1248 1319 urb.
1280 1282 1326 1329 8,
1357 1283 1393 1318 2.
1453 1278 1516 1320 Cf.
1546 1279 1701 1330 Klotz,
1739 1279 1766 1319 l.
1798 1292 1831 1320 c.

450 1360 483 1388 s.
513 1347 553 1389 h.
584 1361 624 1388 v.

319 1416 552 1459 Baculus
590 1433 643 1453 =
681 1418 889 1460 baculum
927 1420 972 1460 in
1013 1420 1149 1475 epigr.
1189 1423 1263 1471 53,
1304 1425 1338 1460 1.
1417 1420 1610 1462 Eandem
1650 1422 1829 1472 formam

450 1488 635 1533 Ovidius
665 1491 730 1544 (in
758 1491 860 1534 fast.
893 1496 929 1543 1,
960 1490 1060 1544 177)
1090 1491 1239 1534 habet.
1841 1544 1845 1554 .

319 1559 497 1604 Farris
527 1560 666 1606 forma
693 1576 770 1619 pro
804 1561 920 1617 ‚,far“
952 1562 999 1606 in
1029 1562 1155 1619 epist.
1187 1565 1234 1616 9,
1262 1566 1326 1605 34.
1386 1562 1449 1606 Of.
1481 1576 1567 1619 qua
1595 1562 1646 1606 de
1676 1561 1757 1607 hac
1785 1577 1831 1606 re

452 1634 636 1677 disserui
664 1636 710 1677 in
741 1635 920 1684 Quaest.
949 1636 985 1677 I.
1016 1650 1110 1690 cap.
1141 1641 1178 1677 3.

320 1704 438 1762 glus
467 1721 520 1743 =
549 1705 702 1763 gluten
731 1707 777 1750 in
805 1721 988 1751 monoss
1019 1721 1094 1763 per
1125 1706 1331 1764 interrog.
1364 1711 1428 1761 12,
1459 1711 1521 1750 10.
1579 1706 1652 1751 Sic
1675 1706 1830 1765 Veget.

452 1778 504 1819 de
533 1784 615 1820 art.
646 1783 779 1822 veter.
808 1785 845 1831 3,
876 1784 939 1820 66.

319 1849 549 1905 Impes=
563 1850 751 1906 impetus
778 1852 823 1893 in
854 1852 978 1907 epist.
1012 1854 1075 1903 10,
1106 1854 1183 1902 25.,
1215 1852 1321 1906 prof.
1354 1855 1516 1903 21,15.,
1546 1865 1628 1906 quo
1658 1851 1829 1900 nomine

188 1922 359 1984 diptoto
377 1922 508 1965 etiam
517 1922 749 1966 Lucretius
764 1924 845 1965 inl.
855 1929 892 1986 2,
900 1929 981 1966 330,
998 1937 1103 1965 usus
1114 1930 1194 1966 est.
1224 1924 1361 1966 Aliud
1370 1937 1525 1965 nomen
1535 1923 1751 1977 diptotum
1763 1928 1829 1965 est

185 1993 373 2048 gratis,
394 1994 677 2054 quodlegitur
689 1994 853 2037 inAus.
869 1994 992 2038 Grat.
1022 1999 1107 2037 act.
1131 1998 1299 2050 (grates
1314 1993 1474 2047 agere).
1508 1993 1603 2036 Non
1627 1993 1830 2049 indignus

186 2070 267 2119 est,
283 2066 359 2121 qui
374 2065 445 2109 hic
470 2070 716 2119 annotetui,
736 2081 862 2110 casus
875 2070 1036 2119 iectus
1070 2080 1151 2122 sp
1163 2065 1280 2109 ons
1288 2065 1401 2120 ,qui
1421 2064 1616 2121 legitur
1605 2080 1651 2107 111
1666 2066 1831 2117 Auson.

185 2138 309 2193 idyll.
331 2143 395 2180 12.
417 2153 494 2193 per
511 2139 695 2194 interog.
713 2143 757 2181 et
774 2153 884 2193 resp.
899 2145 962 2180 11.
994 2138 1058 2180 Cf.
1075 2138 1239 2179 Charis.
1274 2143 1311 2189 1,
1343 2143 1405 2177 14.
1422 2152 1462 2191 p.
1478 2142 1562 2188 34.;
1592 2137 1678 2179 vid.
1693 2138 1830 2197 Neue,

188 2211 223 2262 Ι,
251 2226 291 2267 p.
322 2214 415 2253 508.
472 2210 607 2254 Porro
636 2211 845 2254 nominat.
879 2210 1060 2264 ‚,frux“
1093 2210 1139 2252 in
1168 2208 1279 2252 tech.
1311 2208 1362 2252 de
1394 2208 1475 2252 cib.
1505 2213 1543 2250 4.
1602 2207 1665 2251 Os.
1695 2209 1829 2261 Neue,
1900 2213 1903 2215 ’

182 2283 206 2325 I
250 2288 341 2324 512.

210 2316 219 2335 '
318 2354 446 2399 Lact
475 2371 529 2393 =
558 2354 638 2398 lac
667 2354 713 2396 in
742 2353 864 2410 idyll.
897 2357 960 2396 12.
1002 2352 1274 2410 grammatic.
1305 2356 1369 2395 13.
1435 2351 1619 2397 Veteres
1658 2352 1829 2410 quidem

184 2429 301 2471 lacte
330 2434 375 2470 et
403 2429 474 2470 lac
503 2430 547 2468 in
577 2426 848 2469 nominativo
879 2426 1104 2476 dixerunt,
1143 2439 1229 2467 non
1267 2427 1369 2467 itero
1398 2426 1512 2477 lact,
1543 2427 1702 2481 quippe
1732 2441 1829 2467 cum
1910 2449 1915 2456 ·

185 2500 308 2544 nulla
337 2499 454 2556 apud
480 2500 665 2543 Latinos
701 2498 879 2542 nomina
915 2497 961 2540 in
1003 2496 1111 2541 duas
1140 2499 1285 2545 mutas
1314 2496 1491 2541 exirent.
1559 2496 1666 2540 Inde
1696 2497 1829 2542 etiam

184 2571 408 2616 Ausonius
435 2571 464 2614 1.
496 2585 531 2613 c.
561 2571 674 2614 lact
703 2569 1029 2627 improbaturus
1060 2573 1145 2621 est,
1177 2581 1309 2624 quum
1338 2568 1461 2612 dicit:

208 2718 247 2763 ἃ)
268 2716 369 2755 Haec
391 2727 528 2766 qnoque
550 2727 620 2753 vox
643 2715 688 2752 ab
711 2713 873 2752 Ausonio
897 2725 940 2750 ex
962 2712 1092 2758 sonitu,
1115 2714 1156 2748 111
1179 2711 1339 2758 dicimus,
1363 2713 1512 2750 conficta
1534 2715 1598 2749 est.
1621 2711 1664 2749 L.
1687 2723 1732 2748 c-.:

646 2777 812 2823 Lanique
832 2775 1044 2810 somniferos
1067 2773 1189 2809 modos

645 2836 792 2874 Suesoat
812 2835 939 2886 peritis
959 2833 1092 2871 fabulis

646 2900 760 2935 Simul
782 2898 894 2934 iocari
916 2900 952 2932 et
974 2896 1120 2932 discere.

274 2960 326 2998 Cf.
349 2961 505 2999 Verbum
529 2959 679 3010 lauandi
703 2971 760 3009 ap.
783 2958 880 2995 Pers.
903 2958 942 2995 in
965 2960 1031 2995 sat.
1053 2956 1086 3001 3,
1110 2955 1162 2992 17.
