2056 3235
931 134 1202 174 ...30-

243 243 288 284 et
315 236 344 283 1.
375 254 410 282 c.
442 239 588 284 Cleob.
618 239 744 284 Lind.
767 242 834 283 '5.:

504 311 655 355 Parcit
685 313 868 368 quisque
896 313 1038 366 malis,
1067 313 1244 369 perdere
1271 313 1370 357 vult
1398 313 1545 356 bonos.

352 382 416 426 Cf.
446 384 502 426 ad
529 384 607 427 hos
636 398 787 427 versus
815 385 1082 440 exemplum,
1121 385 1234 441 quod
1263 384 1460 441 Scaliger
1488 399 1541 427 ex
1571 384 1883 441 epigrammate

241 454 428 509 quodam
457 456 500 498 in
531 454 779 513 Vergilium
808 457 989 501 attulit:
1023 460 1027 464 '

503 527 653 584 Longe
684 528 768 571 erit
797 543 824 571 a
852 529 1003 583 primo,
1034 530 1215 584 quisque
1244 528 1459 571 secundus
1489 529 1583 571 erit.

351 597 395 653 2)
451 598 546 642 Iam
575 599 627 642 de
656 613 813 656 genere
842 602 1143 656 pronominum
1170 613 1311 656 pauca
1339 599 1482 643 habeo·
1508 613 1618 655 quae
1647 599 1799 643 dicam.

349 671 401 714 In
430 671 553 726 idyll.
584 676 621 723 6,
651 676 716 713 63.
747 672 971 716 Ausonius
1000 673 1288 717 masculinum
1322 672 1543 727 quisque
1570 686 1647 727 pro
1677 671 1882 715 feminino

238 743 397 796 posuit.
453 742 503 784 L.
536 757 592 784 c.:

767 830 812 857 se
842 816 1025 870 quisque
1054 815 1280 858 absolvere
1309 816 1444 872 gestit
1473 838 1526 844 -—

238 885 485 933 se1·m0.hoe
514 886 611 929 loco
641 892 709 930 est
737 887 790 930 de
819 888 1021 940 heminis,
1051 887 1106 930 ad
1136 902 1245 942 quas
1268 902 1499 943 pronomen
1524 889 1705 943 quisque
1733 888 1883 934 referri

237 957 380 1000 debet.
438 958 601 1000 Mirum
631 973 735 1001 sane
765 964 854 1011 est,
884 973 959 1001 cur
986 958 1208 1002 Ausonius
1237 961 1417 1003 formam
1448 973 1665 1014 quaeque,
1702 974 1730 1002 a
1757 959 1883 1003 nobis

235 1033 550 1085 exspectatam,
580 1031 739 1087 quippe
770 1046 881 1087 quae
910 1031 965 1074 ad
993 1031 1122 1074 metri
1150 1031 1362 1074 rationem
1393 1045 1529 1086 aeque
1556 1030 1667 1074 bene
1687 1030 1883 1087 quadret,

234 1116 321 1144 non
351 1102 597 1157 scripserit3
628 1107 824 1146 attamen
855 1103 973 1146 codd.
1003 1103 1134 1145 lectio
1167 1103 1348 1157 quisque
1371 1103 1677 1146 commutanda
1696 1118 1790 1157 ⁸non
1822 1104 1882 1144 vi-

234 1171 374 1216 detur.
431 1172 584 1228 Neque
612 1188 713 1217 vero
744 1173 986 1217 Seriverius
1015 1173 1140 1217 nobis
1170 1174 1410 1217 audiendus
1440 1179 1528 1226 est,
1568 1174 1642 1229 qui
1683 1173 1737 1217 ad
1764 1172 1879 1217 hunc

232 1243 377 1286 locum
404 1258 561 1300 gnome
590 1251 676 1296 est,
705 1246 870 1300 inquit,
909 1244 1186 1297 Ausoniana,
1225 1246 1281 1287 ad
1319 1247 1494 1300 quosvis
1533 1250 1756 1301 spectans,
1793 1261 1879 1294 non

232 1314 447 1360 Heroidas
476 1319 664 1360 tantum.
730 1316 866 1360 Immo
896 1316 1140 1370 Ausonius,
1179 1318 1418 1361 vetustatis
1448 1317 1607 1373 quippe
1636 1317 1878 1377 amantissi—

233 1401 353 1441 mus,
393 1402 525 1444 quum
554 1390 599 1431 in
630 1388 731 1433 aliis
758 1389 888 1432 rebus
917 1394 1010 1433 tum
1039 1390 1085 1432 in
1113 1389 1195 1432 hae
1222 1403 1268 1431 re
1297 1389 1529 1433 manifesto
1569 1393 1767 1436 veterum
1794 1386 1889 1436 mo-¹

231 1474 322 1503 rem
349 1460 478 1514 Enni,
505 1460 671 1513 Plauti,
701 1460 890 1514 Terenti,
920 1462 994 1517 qui
1023 1462 1274 1517 saepissime
1306 1462 1414 1517 quis,
1445 1462 1639 1517 quisque,
1669 1462 1879 1517 quisquis,

232 1533 461 1588 quisquam
500 1547 657 1590 genere
695 1533 902 1576 feminino
941 1533 1144 1577 dixerunt
1157 1567 1167 1587 ,
1207 1535 1408 1577 imitatus
1449 1539 1527 1577 est.
1585 1534 1681 1577 Iam
1707 1534 1877 1578 Nonius

231 1603 291 1659 (p.
324 1604 436 1658 197.)
489 1604 647 1658 „Quis,
676 1606 762 1657 ait,
793 1610 837 1648 et
866 1607 1014 1661 generi
1042 1606 1248 1649 feminino
1279 1606 1466 1649 attribui
1494 1620 1640 1661 posse,
1681 1610 1877 1653 veterum

231 1677 474 1721 auctoritas
502 1677 682 1721 voluit.“
743 1676 892 1732 Atque
921 1677 1035 1720 idem
1064 1677 1185 1721 valet
1215 1677 1266 1720 de
1295 1678 1545 1734 pronomine
1575 1678 1768 1734 quisque.
1825 1676 1878 1720 Id

230 1762 369 1804 genus
398 1750 615 1805 exempla,
645 1751 683 1792 si
712 1764 867 1805 operae
896 1754 964 1793 est
993 1751 1194 1805 pretium,
1222 1751 1387 1805 respice
1417 1750 1602 1793 collecta
1630 1765 1657 1792 a
1684 1749 1820 1803 Neue,
1848 1749 1877 1792 1.

232 1833 267 1862 o.
297 1820 345 1864 in
372 1835 413 1876 p.
445 1825 536 1863 160.
570 1826 660 1863 176.
693 1825 783 1863 178.

342 1891 496 1936 Obiter
535 1893 720 1949 denique
758 1894 932 1950 attingo
970 1894 1135 1946 locum,
1174 1895 1247 1948 qui
1286 1895 1331 1936 in
1360 1893 1525 1936 Auson.
1554 1893 1677 1949 idyll.
1709 1898 1773 1936 12.
1802 1907 1878 1950 per

229 1966 416 2022 interog.
447 1969 493 2009 et
520 1980 631 2022 resp.
665 1971 728 2007 13.
758 1966 942 2022 legitur:
1244 2020 1247 2023 y

496 2037 611 2087 Quid
639 2038 791 2081 fluitat
818 2037 1130 2094 pelago,‘quod
1159 2052 1244 2079 non
1273 2042 1402 2081 natat
1431 2039 1475 2079 in
1505 2038 1685 2093 pluvio?
1715 2039 1800 2093 pix.

230 2108 361 2154 codd.
390 2110 607 2167 Mariang.
637 2109 821 2153 Aecursi
860 2124 936 2165 pro
977 2109 1081 2165 quid
1111 2110 1207 2164 quis
1245 2109 1434 2161 habent;
1475 2124 1604 2166 quam
1641 2109 1874 2154 lectionem
1948 2150 1953 2155 ,

226 2181 469 2227 Accursius
509 2187 661 2226 tuetur
698 2182 822 2225 nulla
860 2182 1029 2226 ratione
1059 2182 1192 2224 nisus.
1257 2182 1370 2224 Nam
1400 2182 1514 2237 quod
1543 2183 1709 2238 posuit:
1751 2183 1874 2238 „quis

226 2254 339 2298 dixit
366 2253 591 2318 Ausonius
620 2268 777 2311 genere
806 2252 986 2296 neutro“
1015 2253 1124 2313 nibil
1154 2258 1233 2306 est,
1264 2267 1395 2309 quum
1424 2254 1469 2296 id
1497 2268 1550 2296 110
1580 2254 1669 2298 11110
1701 2254 1872 2310 quidem

226 2327 423 2382 exemplo
452 2327 715 2382 comprobet.
772 2326 939 2380 Verum
965 2316 1020 2367 ne
1049 2330 1196 2371 exstat
1225 2326 1480 2381 exemplum,
1509 2341 1561 2369 ex
1591 2342 1673 2382 quo
1704 2328 1874 2371 eluceat
1948 2332 1950 2334 ’

227 2414 253 2442 a
282 2399 618 2445 vestustissimis
657 2398 755 2454 quis
793 2411 952 2454 genere
989 2400 1144 2440 neutro
1183 2396 1349 2440 dictum
1387 2410 1492 2440 esse.
1561 2397 1624 2441 Cf.
1667 2412 1778 2454 quae
1821 2399 1872 2442 de

223 2486 382 2528 genere
410 2471 542 2514 huius
570 2470 836 2526 pronominis
864 2469 1011 2522 Neue,
1049 2469 1144 2511 loco
1173 2468 1298 2511 modo
1329 2469 1465 2512 citato
1504 2468 1720 2512 disseruit.
1785 2471 1873 2513 Ita·
1923 2462 1928 2465 ’

225 2557 309 2600 que
335 2548 454 2588 recte
483 2543 539 2587 ab
570 2542 811 2587 editoribus
838 2542 972 2586 lectio
1002 2540 1122 2586 codd.
1153 2541 1250 2596 quis
1278 2541 1512 2586 immutata
1541 2542 1672 2585 estin
1702 2542 1871 2599 „qu-id“.

488 2616 612 2661 Haec
640 2616 854 2659 hactenus
884 2615 937 2659 de
966 2613 1304 2670 pronominibus.

852 2801 1245 2808 ——————-.

853 2809 1245 2816 ——————-
