2056 3235
814 675 1034 747 Pars
1100 676 1207 749 IL

747 917 1174 1015 Quaestio
1236 951 1277 1014 Ι.

613 1094 698 1147 De
730 1093 969 1147 nomine
1003 1094 1396 1149 substantivo.

957 1216 995 1268 ξ.
1027 1220 1063 1257 1.

488 1314 563 1366 De
607 1312 1013 1366 substantivi
1059 1311 1532 1367 terminatione.

294 1425 539 1467 Ausonium
568 1424 834 1478 exquisitum
865 1424 967 1478 quid
996 1425 1038 1466 in
1069 1425 1264 1467 oratione
1294 1425 1480 1468 texenda
1495 1425 1724 1468 affectasse
1744 1439 1829 1467 ma-

184 1496 298 1539 xime
328 1510 380 1538 ex
409 1496 501 1538 eius
530 1496 750 1539 nominum
780 1495 1154 1539 substantivorum
1183 1510 1264 1539 usu
1294 1496 1447 1539 elucet.
1484 1495 1609 1546 Quod
1638 1496 1829 1540 studium

185 1568 415 1621 praecipue
445 1581 542 1608 eum
571 1568 732 1618 movit,
773 1571 823 1609 ut
851 1567 1068 1621 permulta
1106 1582 1238 1610 nova
1274 1568 1610 1610 substantiva
1644 1568 1829 1610 maxime

185 1653 239 1680 ex
266 1642 392 1694 parte
430 1638 552 1681 nulla
590 1639 853 1682 necessitate
892 1643 1068 1682 coactus
1110 1639 1305 1696 fingeret.
1372 1638 1504 1682 Libet
1540 1638 1648 1682 haec
1686 1629 1830 1682 omnia

183 1709 265 1752 hoe
293 1709 388 1751 loeo
419 1723 683 1765 componere.
746 1709 869 1752 Inter
898 1724 1008 1764 quae
1037 1711 1264 1765 pleraque,
1304 1710 1461 1765 quippe
1491 1724 1671 1764 quorum
1698 1710 1828 1766 signi-

183 1781 331 1824 ficatio
371 1782 508 1837 primo
548 1786 729 1836 aspectu
758 1796 933 1837 prorsus
961 1782 1189 1837 perspicua
1218 1782 1298 1835 sit,
1339 1782 1431 1825 sine
1469 1781 1830 1837 interpretatione

183 1853 438 1896 referentur.

706 1978 741 2020 1.
798 1975 1078 2017 substantiva
1107 1975 1311 2017 verbalia.

315 2075 660 2129 Anticipator
689 2076 733 2115 in
765 2075 927 2129 ephem.
959 2080 1068 2117 orat.
1100 2079 1122 2116 9
1154 2075 1363 2128 (carmine
1394 2074 1506 2129 quod
1536 2075 1612 2117 alii
1641 2074 1826 2118 Paulino

445 2145 615 2189 Nolano
646 2144 881 2200 tribuunt),
912 2146 1030 2188 Deus
1059 2146 1220 2189 mundi.

315 2217 630 2260 Constrator
659 2219 704 2259 in
733 2217 933 2273 teehnop.
966 2218 1017 2260 de
1048 2218 1150 2260 deis.
1185 2223 1248 2259 12.

313 2289 676 2333 Edissertator
704 2290 749 2332 in
780 2304 869 2345 sap.
900 2289 1006 2345 prol.
1037 2294 1101 2332 33.

314 2361 586 2404 Demen‘sio
616 2362 660 2403 in
692 2363 817 2418 epist.
850 2367 887 2414 5,
920 2367 982 2403 11.

313 2433 620 2475 Habitatrix
650 2434 696 2475 in
725 2434 847 2488 idyll.
881 2438 944 2485 10,
974 2439 1039 2475 82.

312 2503 577 2555 Imitatus,
606 2519 684 2557 us,
715 2505 760 2546 in
790 2504 976 2560 perioeh.
1009 2509 1072 2546 14.
1104 2504 1181 2547 Od.

314 2575 583 2618 Manamen
614 2577 659 2618 in
689 2576 811 2632 idyll.
844 2582 908 2629 10,
939 2581 1003 2617 32.

311 2646 546 2690 Novatus
576 2649 620 2689 in
651 2648 773 2703 idyll.
807 2652 871 2699 14,
901 2652 965 2689 39.

313 2717 633 2762 Oeeursator
661 2720 707 2761 in
736 2719 859 2775 idyll.
893 2724 956 2771 12,
987 2723 1038 2760 25
1069 2717 1142 2773 (of.
1165 2719 1382 2762 substant.
1414 2721 1726 2764 occursationis
1755 2736 1823 2778 ap,

444 2790 531 2834 Cic.
562 2807 637 2847 pro
666 2792 816 2835 Plano.
849 2796 912 2845 12,
944 2790 1028 2845 29).

309 2863 630 2919 Profligatio
660 2865 705 2907 in
733 2864 920 2920 perioeh.
952 2869 988 2905 2.
1020 2863 1097 2906 Od.
1128 2887 1180 2892 —-
1213 2863 1432 2906 bonorum.
1463 2888 1515 2894 —

309 2934 605 2990 Vegetator
633 2938 679 2978 in
709 2937 873 2991 ephem.
904 2940 1013 2979 orat.
1046 2941 1109 2978 16.

284 3005 406 3051 Haeo
436 3011 538 3052 sunt
567 3008 848 3056 substantiva
877 3008 1075 3056 verbalia
1105 3008 1160 3053 ab
1191 3007 1387 3054 Ausonio
1417 3009 1612 3060 conficta.
1653 3007 1823 3061 Quibus
