2056 3235
349 321 402 365 In
432 319 566 377 praef.
598 320 779 365 Centau.
809 321 1016 377 legimus:

507 410 650 462 „solae
693 409 924 453 memoriae
974 407 1247 464 negotium“;
1303 408 1375 451 hic
1422 408 1561 465 igitur
1610 409 1756 452 solae
1806 411 1883 464 pro

768 480 915 524 solius.
969 479 1032 522 cf.
1060 477 1197 531 Neue,
1223 478 1284 531 Π,
1313 493 1353 535 p.
1386 481 1464 521 185
1494 492 1555 534 sq.
1752 491 1754 493 ’
1876 493 1879 495 ’

349 571 401 613 111
432 572 539 625 prof.
570 569 653 612 111.
687 574 724 612 5.
756 574 792 611 6.
821 569 1030 626 leguntur
1058 566 1225 610 verbaz·

502 640 679 696 Eripuit
707 641 823 696 patri
850 639 1058 683 Lachesis
1087 652 1215 694 quem
1243 640 1394 683 funere
1423 640 1577 684 acerbo

503 713 795 768 Linquentem
823 715 951 755 natos
981 711 1128 753 sexui
1157 716 1381 767 utroque
1411 713 1529 756 duos.

241 784 323 838 (sic
352 783 494 838 codd.)

349 872 638 916 Rarissimum
676 874 757 917 hoc
796 874 890 916 loco
930 871 1176 928 exemplum
1210 872 1350 915 dativi
1378 873 1423 915 in
1453 888 1477 916 o
1506 873 1784 917 terminantis
1812 889 1884 918 no-

240 939 423 983 tandum
453 944 541 992 est,
569 945 621 984 ut
648 941 737 983 iam
765 945 883 983 recte
912 940 1101 987 Vinetus
1128 943 1253 987 vidit.
1297 944 1464 987 Tollius
1494 948 1647 988 contra
1675 946 1798 988 sexui
1826 947 1885 988 vi-

238 1012 352 1055 tiose
381 1012 627 1054 ablativum
657 1026 750 1054 esse
779 1013 937 1066 posuit.
1002 1014 1136 1057 Sexui
1176 1015 1352 1058 dativus
1393 1016 1553 1070 pendet
1581 1032 1608 1058 a
1636 1016 1767 1059 verbo
1805 1017 1884 1059 lin·

241 1082 414 1138 quendi.
464 1082 664 1138 Reliquit
693 1084 815 1126 sexui
845 1084 1020 1140 utrique
1050 1086 1077 1128 i.
1118 1101 1153 1129 e.
1184 1087 1306 1129 sexui
1335 1087 1574 1130 masculino
1604 1091 1648 1131 et
1676 1088 1883 1133 feminino

239 1154 347 1198 duos
374 1159 515 1199 natos.
554 1155 739 1210 Utrique
767 1168 900 1198 unum
929 1157 1069 1201 filium
1098 1172 1315 1214 unamque
1344 1158 1492 1212 filiam,
1523 1174 1579 1203 an
1609 1159 1715 1204 duos
1743 1174 1883 1204 mares

240 1226 435 1282 duasque
450 1226 679 1273 feminas?
707 1227 941 1271 Pulmanni
971 1230 1271 1273 emendatione
1291 1229 1432 1283 „Sexu
1460 1232 1506 1274 in
1535 1232 1744 1287 utroque“
1776 1233 1885 1276 nihil

237 1298 460 1342 lucramur
488 1299 544 1341 ad
573 1299 849 1342 sententiam.
907 1300 1144 1357 Exempla,
1175 1315 1288 1357 quae
1319 1302 1535 1357 quadrant
1564 1303 1619 1363 ad
1651 1305 1883 1360 ‚,utroque“

239 1371 339 1415 vide
368 1386 436 1426 ap.
466 1371 603 1424 Neue,
631 1371 691 1413 ΙΙ.
720 1386 761 1426 p.
795 1377 905 1424 185.;
935 1379 1121 1429 utroque
1149 1374 1252 1417 ibid.
1283 1380 1369 1418 non
1397 1375 1570 1430 legitur.

348 1458 401 1502 In
431 1458 595 1503 Auson.
627 1459 761 1516 epigr.
793 1463 858 1513 50,
890 1464 930 1502 6:

964 1556 1021 1563 —
1048 1534 1219 1589 gignite

502 1604 759 1661 generisque
788 1604 934 1647 neutri
962 1604 1077 1648 filios
1129 1627 1169 1635 -

376 1693 608 1746 „neutri“
641 1708 717 1749 pro
751 1693 997 1747 ‚,neutrius“
1031 1693 1196 1738 dictum
1225 1698 1304 1738 est.
1365 1693 1428 1738 Of.
1458 1694 1603 1748 Neue,
1632 1695 1690 1738 H.
1720 1710 1760 1751 p.
1794 1701 1885 1740 186.
1965 1748 1970 1751 γ

244 1766 461 1818 „Neutro“
492 1780 569 1821 pro
601 1765 796 1817 „neutri‘¹
828 1766 874 1807 in
903 1765 1067 1808 Auson.
1098 1767 1232 1822 epigr.
1264 1771 1356 1818 100,
1385 1771 1428 1807 4:

899 1861 953 1867 —
981 1837 1372 1894 Hermaphroditus
1399 1863 1452 1869 ——

506 1909 754 1965 Ambiguae
782 1908 966 1951 Veneris
995 1914 1150 1952 neutro
1180 1909 1417 1963 potiundus
1445 1911 1593 1952 amori.
1628 1931 1633 1937 ·

350 1997 422 2041 Ad
462 1997 795 2052 grammaticam
834 1996 1064 2040 verborum
1111 1997 1478 2041 constructionem
1522 1998 1804 2054 respicientes
1844 2003 1889 2042 et

241 2072 488 2114 ablativum
526 2076 572 2113 et
601 2070 799 2113 dativum
831 2084 927 2112 cum
956 2069 1190 2126 gerundio,
1230 2084 1269 2123 q.
1300 2083 1334 2111 e.
1368 2069 1653 2124 „potiundus“
1685 2071 1889 2127 coniungi

238 2157 365 2201 posse
404 2143 578 2187 scimus.
646 2141 835 2186 Ratione
873 2141 1012 2199 igitur
1049 2139 1203 2184 habita
1230 2139 1511 2184 Ausonianae
1539 2156 1626 2185 non
1654 2155 1816 2199 parvae
1844 2142 1890 2186 in

240 2215 490 2257 nominibus
519 2214 789 2256 declinandis
818 2214 1024 2255 licentiae
1058 2219 1235 2264 „neutro
1265 2213 1425 2254 amori‘·
1464 2212 1683 2256 ablativos
1713 2219 1792 2258 aut
1820 2216 1889 2257 da-
1929 2265 1935 2269 ἱ

241 2288 357 2332 tivos
387 2302 480 2331 esse
511 2286 706 2330 conicere
734 2284 853 2329 licet.
911 2282 1061 2341 Atque
1091 2283 1186 2327 fieri
1214 2288 1381 2340 potest,
1419 2288 1469 2330 ut
1499 2286 1636 2330 amori
1665 2284 1889 2332 ablativus

242 2359 436 2413 (insueta
453 2357 782 2410 terminatione)
803 2357 881 2408 sit;
911 2357 955 2398 id
977 2356 1092 2410 quod
1121 2356 1221 2396 aliis
1250 2356 1478 2408 similibus,
1508 2371 1618 2411 quae
1647 2351 1763 2412 apud
1790 2360 1890 2400 scri-

241 2436 388 2485 ptores
415 2430 714 2484 reperiuntur,
754 2428 963 2483 exemplis
994 2421 1264 2482 coinprobari
1291 2432 1449 2482 potest.
1508 2428 1591 2483 (Cf.
1620 2429 1756 2483 Neue,
1784 2429 1819 2472 Ι,
1848 2444 1889 2486 p.

244 2505 322 2543 239
353 2499 465 2556 sqq.)
536 2498 622 2544 Sed
665 2514 753 2543 una
791 2504 859 2544 est
897 2500 1035 2552 ratio,
1074 2512 1186 2553 quae
1224 2513 1292 2541 me
1329 2500 1539 2555 impellit,
1578 2505 1629 2544 ut
1675 2502 1812 2562 amori
1844 2507 1888 2545 et

242 2578 396 2617 neutro
436 2574 583 2628 potius
620 2588 697 2628 pro
737 2573 900 2616 dativis
938 2572 1135 2614 habeam.
1201 2571 1267 2614 De
1298 2571 1587 2616 declinatione
1615 2574 1735 2617 vocis
1767 2588 1891 2627 „neu-

243 2645 335 2688 ter“
366 2644 619 2687 Priscianus
649 2644 708 2698 (6,
740 2650 776 2695 1,
805 2649 843 2686 4.
873 2659 914 2699 p.
946 2642 1045 2697 678)
1074 2647 1242 2697 aperte:
1286 2642 1396 2695 „Sed
1424 2644 1471 2685 in
1499 2644 1580 2687 hoc
1608 2645 1803 2697 nomine,
1828 2645 1890 2687 in-

241 2717 341 2772 quit
354 2750 364 2769 ‚
401 2730 454 2758 ex
484 2716 700 2759 contrario
732 2716 852 2769 aliis,
892 2728 1004 2771 quae
1034 2714 1169 2757 simili
1196 2714 1333 2757 forma
1362 2715 1657 2769 declinantur,
1696 2716 1891 2772 frequen-

239 2790 330 2832 tior
365 2794 435 2832 est
472 2802 577 2830 usus
606 2789 802 2843 genetivi
836 2788 882 2829 in
911 2789 927 2829 i
957 2792 1001 2830 et
1030 2786 1171 2829 dativi
1200 2787 1245 2827 in
1275 2802 1298 2829 o
1328 2788 1606 2830 terminantis
1642 2788 1688 2830 in
1725 2802 1889 2830 mascu-

240 2860 331 2903 lino
370 2864 416 2904 et
453 2862 631 2911 neutro,
671 2858 717 2901 in
755 2858 962 2903 feminino
1002 2872 1103 2901 vero
1142 2857 1188 2899 in
1230 2871 1282 2899 ae
1320 2857 1648 2915 diphthongum.
1714 2857 1774 2903 Et
1799 2859 1890 2903 alio

240 2932 336 2974 loco
368 2937 405 2984 6,
438 2936 472 2983 7,
503 2935 567 2972 35.
597 2944 637 2985 p.
669 2934 772 2972 694:
828 2931 995 2976 Neuter
1023 2936 1170 2974 tamen
1200 2929 1397 2985 plerique
1425 2931 1595 2983 neutri,
1624 2936 1793 2985 neutro,
1821 2931 1889 2975 de-

242 3002 519 3049 clinaverunt
549 3035 558 3045 .
590 3035 599 3045 .
631 3035 639 3045 .
