2056 3235
702 326 1128 410 Quaestio
1191 342 1258 407 V.

817 489 900 545 De
934 488 1133 544 verbo.

926 646 964 696 g,
997 648 1032 686 1.

517 764 591 816 De
633 763 950 816 verborum
990 760 1446 816 terminatione.

266 886 460 930 Verbum
491 887 642 943 quinto
679 887 773 930 loco
811 886 937 930 nobis
976 885 1311 929 examinandum
1339 899 1542 942 magnam
1571 883 1800 941 praeberet

157 958 420 1002 memorandi
452 959 630 1014 copiam,
661 960 698 1000 si
725 959 841 1002 iusto
871 958 994 1005 modo
1025 959 1118 1001 eius
1138 968 1493 1014 persequeremur
1519 956 1800 1014 significatio·

157 1045 272 1083 nem,
302 1030 339 1072 si
367 1030 690 1087 indagaremus,
721 1030 980 1085 quibusnam
1008 1031 1053 1072 in
1082 1030 1228 1073 verbis
1256 1029 1491 1082 Ausoniae,
1520 1028 1744 1074 ‹li-<sedens
1773 1043 1801 1071 a

143 1111 145 1114 “
156 1103 330 1157 propria
369 1102 596 1145 verborum
634 1103 808 1145 notione
821 1135 831 1155 ‚
868 1102 1130 1146 translatam
1168 1101 1238 1144 vel
1274 1102 1417 1145 minus
1445 1090 1658 1145 usitatam
1686 1101 1800 1143 exhi-

156 1173 293 1217 beret.
359 1172 444 1216 Sed
474 1173 670 1229 exempla
697 1174 781 1216 huc
809 1172 1051 1218 revocanda
1078 1177 1171 1216 tam
1205 1173 1345 1216 multa
1366 1171 1410 1226 *)
1447 1176 1574 1225 sunt,
1622 1175 1674 1215 ut
1708 1186 1798 1215 ora-

157 1245 220 1287 tio
260 1245 307 1286 in
344 1244 399 1286 iis
450 1252 627 1287 versans
673 1245 789 1287 iusto
828 1245 998 1300 longior
1038 1246 1117 1287 fiat
1155 1258 1329 1287 necesse
1368 1244 1439 1287 sit.
1505 1242 1653 1293 Quare
1688 1243 1800 1286 nihil

157 1315 278 1359 aliud
304 1316 581 1370 intendimus,
609 1331 737 1372 quam
767 1322 817 1361 ut
844 1316 1012 1362 Ausoni
1041 1316 1270 1361 verborum
1298 1320 1344 1360 et
1372 1314 1725 1362 terminationem
1752 1319 1798 1358 et

94 1406 96 1408 ·
158 1388 507 1445 coniugationem
548 1390 639 1432 suis
681 1403 895 1444 quamque
935 1389 1143 1447 exemplis
1180 1388 1462 1432 illustremus.
1527 1385 1677 1442 Atque
1717 1386 1799 1443 pri-

156 1474 274 1529 mum
301 1461 651 1504 terminationem
680 1462 961 1517 respicientes
990 1475 1122 1516 quum
1152 1460 1294 1519 verba
1305 1474 1422 1504 novo.
1438 1473 1516 1503 seu
1529 1460 1799 1512 Ausoniam.

156 1536 252 1575 tum
279 1532 413 1575 verba
441 1546 516 1575 seu
545 1547 659 1576 nova
688 1547 764 1576 seu
792 1533 991 1577 obsoleta
1014 1547 1095 1577 seu
1125 1534 1268 1579 mimus
1296 1533 1466 1578 usitata
1493 1532 1799 1578 terminatione

156 1604 401 1647 referemus.
620 1605 629 1612 '

269 1673 313 1730 1)
372 1675 457 1732 Spe
495 1677 702 1720 minorem
729 1677 950 1721 licentiam
989 1676 1212 1720 Ausonius
1240 1678 1286 1719 in
1313 1677 1439 1721 novis
1456 1676 1613 1722 -verbis
1627 1676 1800 1733 'fingon-

156 1745 223 1789 dis
261 1748 345 1790 sibi
383 1749 580 1804 sumpsit.
645 1749 794 1792 Pauca
830 1754 1004 1794 tantum
1040 1750 1181 1804 reperi
1210 1749 1343 1793 verba
1371 1748 1626 1795 Ausoniana
1662 1761 1800 1804 eaque

156 1819 300 1862 omnia
327 1820 462 1863 verba
490 1821 741 1876 composita.

286 1890 581 1948 Antepereo
610 1894 656 1935 in
685 1894 819 1950 epigr.
850 1897 916 1947 34,
946 1897 983 1935 2.
1010 1889 1065 1936 Is.
1091 1904 1132 1937 o»

421 1965 595 2021 „Incipe
623 1965 851 2009 versiculis
880 1965 1124 2022 anteperire
1153 1966 1300 2009 meis“.
1323 1990 1375 1996 -—

157 2035 313 2091 legunt
334 2035 529 2080 Vinctus
558 2043 603 2080 et
633 2037 840 2092 Scaliger.
906 2037 1119 2094 Equidem
1155 2037 1302 2082 malim
1337 2038 1507 2082 duabus
1535 2038 1716 2080 vocibus
1743 2038 1799 2080 le·

158 2120 259 2163 gere
289 2111 391 2150 ante
419 2110 570 2164 perire,
598 2109 664 2153 ita
693 2114 744 2153 ut
775 2100 1026 2163 „versiculis
1055 2110 1186 2152 meis“
1218 2110 1264 2153 in
1278 2114 1402 2153 sexto
1417 2124 1518 2153 casu
1536 2110 1681 2166 posita
1696 2110 1798 2153 sint.

267 2179 627 2236 Circumloqui
664 2183 709 2225 in
731 2183 882 2239 epigr.
915 2187 1015 2235 146,
1046 2185 1110 2226 15.
1150 2188 1197 2226 et
1225 2183 1271 2225 in
1300 2182 1428 2238 epist.
1460 2187 1535 2236 16,
1560 2187 1602 2226 8.
1642 2180 1798 2239 (prolo-

158 2263 266 2306 quor
293 2251 675 2308 circumloquentis
703 2253 906 2310 ambitu).

270 2323 738 2379 Compendifacere
767 2328 813 2369 in
842 2328 968 2382 epist.
999 2331 1051 2368 17-
1080 2332 1189 2370 extr.

420 2395 576 2439 Cetera
615 2411 726 2452 quae
764 2411 939 2441 noscere
983 2397 1118 2442 habes
1167 2397 1349 2454 (Scalig.
1388 2397 1510 2453 aves)
1560 2398 1800 2454 compendi-

681 2469 853 2512 faciam.
882 2492 935 2500 —

156 2537 241 2581 nisi
279 2540 391 2583 forte
436 2540 575 2583 mavis
620 2546 746 2585 extra
798 2542 1152 2599 compositionem
1194 2543 1339 2600 leg-ere
1386 2542 1609 2599 compendi
1656 2543 1799 2587 facere

154 2682 194 2726 *)
216 2682 268 2720 Ut
287 2695 396 2720 unum
418 2688 557 2722 tantum
578 2685 631 2721 rei
656 2684 889 2722 illustrandae
915 2697 1020 2724 causa
1043 2687 1239 2735 exemplum
1262 2689 1440 2732 annotem,
1462 2686 1571 2725 affero
1587 2687 1715 2733 iocum,
1731 2689 1800 2736 qni

243 2743 375 2789 legitur
396 2745 435 2780 in
457 2745 559 2793 idyll.
582 2746 613 2781 6.
637 2758 710 2793 pn:

550 2806 672 2851 „Quae
695 2806 764 2843 sibi
786 2808 978 2854 ignoscunt
999 2812 1035 2844 et
1056 2808 1217 2858 plectunt
1238 2808 1374 2845 deum.“

242 2864 313 2901 Hic
349 2866 494 2902 verbum
532 2867 711 2914 plectendi
746 2869 914 2905 activam·
937 2869 1118 2905 notionem
1151 2868 1252 2906 verbi
1281 2872 1316 2916 q.
1338 2881 1368 2904 e.
1398 2869 1535 2916 plector
1565 2869 1684 2906 habet.
1744 2868 1799 2906 cf.

242 2925 372 2972 Klotz,
404 2927 429 2965 l.
452 2938 481 2964 c.
504 2927 569 2965 snb
591 2939 678 2965 voce
699 2929 891 2977 „plector-⁴⁴.
936 2929 998 2967 cf.
1022 2921 1278 2976 „inolesti‘⁸
1304 2930 1453 2966 notione
1471 2930 1602 2966 >activa
1635 2929 1674 2966 in
1697 2929 1798 2971 Grat.

162 2992 164 2994 ·
245 2991 313 3025 act.
334 2987 399 3033 803
422 2989 701 3034 “mmmm
724 2993 850 3028 neutra
870 2991 1015 3029 notione
1038 2991 1077 3029 in
1097 2991 1213 3040 epigr.
1234 2990 1289 3036 69,
1310 2990 1344 3029 3.
