<?xml version="1.0" encoding="UTF-8"?>
<!DOCTYPE html PUBLIC "-//W3C//DTD XHTML 1.0 Transitional//EN"
    "http://www.w3.org/TR/xhtml1/DTD/xhtml1-transitional.dtd">
<html xmlns="http://www.w3.org/1999/xhtml" xml:lang="en" lang="en">
 <head>
  <title>
</title>
<meta http-equiv="Content-Type" content="text/html;charset=utf-8" />
  <meta name='ocr-system' content='tesseract 3.04.00' />
  <meta name='ocr-capabilities' content='ocr_page ocr_carea ocr_par ocr_line ocrx_word'/>
</head>
<body>
  <div class='ocr_page' id='page_1' title='image "4626082_0019.png"; bbox 0 0 2056 3235; ppageno 0'>
   <div class='ocr_carea' id='block_1_1' title="bbox 0 0 429 247">
    <p class='ocr_par' dir='ltr' id='par_1_1' title="bbox 0 0 429 247">
     <span class='ocr_line' id='line_1_1' title="bbox 0 0 429 247; baseline 0 0"><span class='ocrx_word' id='word_1_1' title='bbox 0 0 429 247; x_wconf 95' lang='lat' dir='ltr'><strong>  </strong></span> 
     </span>
    </p>
   </div>
   <div class='ocr_carea' id='block_1_2' title="bbox 913 115 1182 161">
    <p class='ocr_par' dir='ltr' id='par_1_2' title="bbox 913 115 1182 161">
     <span class='ocr_line' id='line_1_2' title="bbox 913 115 1182 161; baseline -0.004 -12"><span class='ocrx_word' id='word_1_2' title='bbox 913 140 963 149; x_wconf 69' lang='grc'><strong>--</strong></span> <span class='ocrx_word' id='word_1_3' title='bbox 1022 115 1182 161; x_wconf 82' lang='lat'><strong>13—</strong></span> 
     </span>
    </p>
   </div>
   <div class='ocr_carea' id='block_1_3' title="bbox 19 203 1868 346">
    <p class='ocr_par' dir='ltr' id='par_1_3' title="bbox 19 203 1868 346">
     <span class='ocr_line' id='line_1_3' title="bbox 19 203 1868 298; baseline -0.003 -26"><span class='ocrx_word' id='word_1_4' title='bbox 19 252 99 298; x_wconf 55' lang='lat'><strong>2215?</strong></span> <span class='ocrx_word' id='word_1_5' title='bbox 118 262 140 288; x_wconf 38' lang='lat'><strong>3.</strong></span> <span class='ocrx_word' id='word_1_6' title='bbox 171 239 177 246; x_wconf 83' lang='lat'><strong>&#39;·</strong></span> <span class='ocrx_word' id='word_1_7' title='bbox 201 279 207 281; x_wconf 13' lang='lat'><strong>,⁷</strong></span> <span class='ocrx_word' id='word_1_8' title='bbox 230 203 364 297; x_wconf 71' lang='lat' dir='ltr'><strong>unum</strong></span> <span class='ocrx_word' id='word_1_9' title='bbox 392 231 717 274; x_wconf 84' lang='lat' dir='ltr'><strong>substantivum</strong></span> <span class='ocrx_word' id='word_1_10' title='bbox 746 230 900 282; x_wconf 58' lang='lat' dir='ltr'><strong>abstr„</strong></span> <span class='ocrx_word' id='word_1_11' title='bbox 935 228 1051 284; x_wconf 87' lang='lat' dir='ltr'><strong>quod</strong></span> <span class='ocrx_word' id='word_1_12' title='bbox 1079 228 1134 271; x_wconf 81' lang='lat' dir='ltr'><strong>ab</strong></span> <span class='ocrx_word' id='word_1_13' title='bbox 1165 226 1381 270; x_wconf 84' lang='lat' dir='ltr'><strong>adieetivo</strong></span> <span class='ocrx_word' id='word_1_14' title='bbox 1410 225 1653 269; x_wconf 77' lang='lat' dir='ltr'><strong>derivatum</strong></span> <span class='ocrx_word' id='word_1_15' title='bbox 1684 228 1769 276; x_wconf 81' lang='lat' dir='ltr'><strong>est,</strong></span> <span class='ocrx_word' id='word_1_16' title='bbox 1798 222 1868 266; x_wconf 80' lang='lat' dir='ltr'><strong>ad—</strong></span> 
     </span>
     <span class='ocr_line' id='line_1_4' title="bbox 129 316 389 346; baseline -0.011 0.849"><span class='ocrx_word' id='word_1_17' title='bbox 129 319 132 322; x_wconf 49' lang='lat'><em>*</em></span> <span class='ocrx_word' id='word_1_18' title='bbox 228 316 389 346; x_wconf 80' lang='lat' dir='ltr'><strong>umam.</strong></span> 
     </span>
    </p>
   </div>
   <div class='ocr_carea' id='block_1_4' title="bbox 363 365 1867 498">
    <p class='ocr_par' dir='ltr' id='par_1_4' title="bbox 363 365 1867 498">
     <span class='ocr_line' id='line_1_5' title="bbox 363 365 1867 436; baseline -0.005 -20"><span class='ocrx_word' id='word_1_19' title='bbox 363 371 597 418; x_wconf 87' lang='lat' dir='ltr'><strong>Serietas</strong></span> <span class='ocrx_word' id='word_1_20' title='bbox 634 371 812 429; x_wconf 78' lang='lat' dir='ltr'><strong>(serius)</strong></span> <span class='ocrx_word' id='word_1_21' title='bbox 845 372 891 415; x_wconf 91' lang='lat' dir='ltr'><strong>in</strong></span> <span class='ocrx_word' id='word_1_22' title='bbox 924 375 1093 429; x_wconf 80' lang='lat' dir='ltr'><strong>parent.</strong></span> <span class='ocrx_word' id='word_1_23' title='bbox 1123 375 1168 436; x_wconf 84' lang='lat'><strong>2,</strong></span> <span class='ocrx_word' id='word_1_24' title='bbox 1197 375 1233 413; x_wconf 86' lang='grc'><strong>6.</strong></span> <span class='ocrx_word' id='word_1_25' title='bbox 1268 395 1321 401; x_wconf 90' lang='grc'><strong>-</strong></span> <span class='ocrx_word' id='word_1_26' title='bbox 1358 368 1421 414; x_wconf 83' lang='lat' dir='ltr'>Cf.</span> <span class='ocrx_word' id='word_1_27' title='bbox 1450 367 1602 421; x_wconf 83' lang='lat' dir='ltr'>Hand,</span> <span class='ocrx_word' id='word_1_28' title='bbox 1642 366 1798 411; x_wconf 87' lang='lat' dir='ltr'><strong>Lehrb.</strong></span> <span class='ocrx_word' id='word_1_29' title='bbox 1827 365 1867 409; x_wconf 86' lang='lat' dir='ltr'>d.</span> 
     </span>
     <span class='ocr_line' id='line_1_6' title="bbox 491 445 1811 498; baseline -0.005 -11"><span class='ocrx_word' id='word_1_30' title='bbox 491 445 569 489; x_wconf 84' lang='lat' dir='ltr'><strong>lat.</strong></span> <span class='ocrx_word' id='word_1_31' title='bbox 600 445 723 489; x_wconf 89' lang='lat' dir='ltr'><strong>Stils.</strong></span> <span class='ocrx_word' id='word_1_32' title='bbox 753 445 792 496; x_wconf 70' lang='grc' dir='ltr'><strong>ἓ.</strong></span> <span class='ocrx_word' id='word_1_33' title='bbox 824 448 888 486; x_wconf 88' lang='grc'><strong>32.</strong></span> <span class='ocrx_word' id='word_1_34' title='bbox 916 458 958 498; x_wconf 86' lang='lat' dir='ltr'><strong>p.</strong></span> <span class='ocrx_word' id='word_1_35' title='bbox 989 447 1054 485; x_wconf 89' lang='lat'>82.</span> <span class='ocrx_word' id='word_1_36' title='bbox 1807 469 1811 473; x_wconf 75' lang='lat'><em>-</em></span> 
     </span>
    </p>
   </div>
   <div class='ocr_carea' id='block_1_5' title="bbox 716 580 1380 633">
    <p class='ocr_par' dir='ltr' id='par_1_5' title="bbox 716 580 1380 633">
     <span class='ocr_line' id='line_1_7' title="bbox 716 580 1380 633; baseline 0.002 -8"><span class='ocrx_word' id='word_1_37' title='bbox 716 586 757 628; x_wconf 80' lang='grc'><strong>2.</strong></span> <span class='ocrx_word' id='word_1_38' title='bbox 815 581 1096 624; x_wconf 74' lang='lat' dir='ltr'><strong>substantiva</strong></span> <span class='ocrx_word' id='word_1_39' title='bbox 1122 580 1380 633; x_wconf 76' lang='lat' dir='ltr'><strong>composita.</strong></span> 
     </span>
    </p>
   </div>
   <div class='ocr_carea' id='block_1_6' title="bbox 230 677 1875 1829">
    <p class='ocr_par' dir='ltr' id='par_1_6' title="bbox 230 677 1875 1829">
     <span class='ocr_line' id='line_1_8' title="bbox 339 677 1874 736; baseline -0.006 -10"><span class='ocrx_word' id='word_1_40' title='bbox 339 684 461 726; x_wconf 81' lang='lat' dir='ltr'><strong>Inter</strong></span> <span class='ocrx_word' id='word_1_41' title='bbox 481 682 761 725; x_wconf 86' lang='lat' dir='ltr'><strong>substantiva</strong></span> <span class='ocrx_word' id='word_1_42' title='bbox 778 681 1018 736; x_wconf 82' lang='lat' dir='ltr'><strong>composita</strong></span> <span class='ocrx_word' id='word_1_43' title='bbox 1032 681 1140 723; x_wconf 74' lang='lat' dir='ltr'><strong>haec</strong></span> <span class='ocrx_word' id='word_1_44' title='bbox 1159 695 1235 735; x_wconf 87' lang='lat' dir='ltr'><strong>pro</strong></span> <span class='ocrx_word' id='word_1_45' title='bbox 1250 679 1518 723; x_wconf 80' lang='lat' dir='ltr'><strong>Ausonianis</strong></span> <span class='ocrx_word' id='word_1_46' title='bbox 1533 677 1734 721; x_wconf 81' lang='lat' dir='ltr'><strong>habenda</strong></span> <span class='ocrx_word' id='word_1_47' title='bbox 1753 678 1874 718; x_wconf 89' lang='lat' dir='ltr'><strong>sunt:</strong></span> 
     </span>
     <span class='ocr_line' id='line_1_9' title="bbox 364 750 1254 808; baseline -0.004 -11"><span class='ocrx_word' id='word_1_48' title='bbox 364 750 753 805; x_wconf 56' lang='lat' dir='ltr'><strong>Consocrus‚“us</strong></span> <span class='ocrx_word' id='word_1_49' title='bbox 781 753 828 795; x_wconf 90' lang='lat' dir='ltr'><strong>in</strong></span> <span class='ocrx_word' id='word_1_50' title='bbox 857 756 1025 808; x_wconf 80' lang='lat' dir='ltr'><strong>parent.</strong></span> <span class='ocrx_word' id='word_1_51' title='bbox 1056 756 1120 795; x_wconf 90' lang='grc'><strong>30.</strong></span> <span class='ocrx_word' id='word_1_52' title='bbox 1150 752 1254 794; x_wconf 84' lang='lat' dir='ltr'><strong>inse.</strong></span> 
     </span>
     <span class='ocr_line' id='line_1_10' title="bbox 363 820 1787 881; baseline -0.006 -12"><span class='ocrx_word' id='word_1_53' title='bbox 363 825 603 869; x_wconf 86' lang='lat' dir='ltr'><strong>semidies</strong></span> <span class='ocrx_word' id='word_1_54' title='bbox 630 825 676 867; x_wconf 91' lang='lat' dir='ltr'><strong>in</strong></span> <span class='ocrx_word' id='word_1_55' title='bbox 706 824 841 881; x_wconf 83' lang='lat' dir='ltr'>eclog.</span> <span class='ocrx_word' id='word_1_56' title='bbox 874 823 926 866; x_wconf 87' lang='lat' dir='ltr'><strong>de</strong></span> <span class='ocrx_word' id='word_1_57' title='bbox 954 828 1035 867; x_wconf 86' lang='lat' dir='ltr'><strong>rat.</strong></span> <span class='ocrx_word' id='word_1_58' title='bbox 1066 823 1168 867; x_wconf 87' lang='lat' dir='ltr'><strong>dier.</strong></span> <span class='ocrx_word' id='word_1_59' title='bbox 1199 827 1241 876; x_wconf 89' lang='lat'><strong>5;</strong></span> <span class='ocrx_word' id='word_1_60' title='bbox 1270 822 1375 865; x_wconf 86' lang='lat' dir='ltr'>ibid.</span> <span class='ocrx_word' id='word_1_61' title='bbox 1404 821 1457 864; x_wconf 88' lang='lat' dir='ltr'><strong>de</strong></span> <span class='ocrx_word' id='word_1_62' title='bbox 1484 824 1567 864; x_wconf 86' lang='lat' dir='ltr'><strong>rat.</strong></span> <span class='ocrx_word' id='word_1_63' title='bbox 1598 820 1719 864; x_wconf 86' lang='lat' dir='ltr'><strong>solst.</strong></span> <span class='ocrx_word' id='word_1_64' title='bbox 1751 824 1787 860; x_wconf 89' lang='lat'>2.</span> 
     </span>
     <span class='ocr_line' id='line_1_11' title="bbox 363 896 1082 953; baseline -0.007 -12"><span class='ocrx_word' id='word_1_65' title='bbox 363 898 666 953; x_wconf 87' lang='lat' dir='ltr'><strong>semipuella</strong></span> <span class='ocrx_word' id='word_1_66' title='bbox 694 898 740 939; x_wconf 91' lang='lat' dir='ltr'><strong>in</strong></span> <span class='ocrx_word' id='word_1_67' title='bbox 767 896 891 953; x_wconf 87' lang='lat' dir='ltr'><strong>idyll.</strong></span> <span class='ocrx_word' id='word_1_68' title='bbox 923 901 987 949; x_wconf 85' lang='lat'><strong>11,</strong></span> <span class='ocrx_word' id='word_1_69' title='bbox 1019 901 1082 937; x_wconf 91' lang='lat'>21.</span> 
     </span>
     <span class='ocr_line' id='line_1_12' title="bbox 365 969 1092 1023; baseline -0.003 -12"><span class='ocrx_word' id='word_1_70' title='bbox 365 970 649 1012; x_wconf 83' lang='lat' dir='ltr'><strong>subdoetor</strong></span> <span class='ocrx_word' id='word_1_71' title='bbox 677 970 722 1010; x_wconf 93' lang='lat' dir='ltr'><strong>in</strong></span> <span class='ocrx_word' id='word_1_72' title='bbox 751 970 858 1023; x_wconf 87' lang='lat' dir='ltr'><strong>prof.</strong></span> <span class='ocrx_word' id='word_1_73' title='bbox 892 972 956 1010; x_wconf 87' lang='lat'>23.</span> <span class='ocrx_word' id='word_1_74' title='bbox 986 969 1092 1011; x_wconf 86' lang='lat' dir='ltr'><strong>inse.</strong></span> 
     </span>
     <span class='ocr_line' id='line_1_13' title="bbox 320 1028 1579 1095; baseline -0.005 -12"><span class='ocrx_word' id='word_1_75' title='bbox 320 1028 322 1030; x_wconf 70' lang='grc'>’</span> <span class='ocrx_word' id='word_1_76' title='bbox 363 1041 638 1083; x_wconf 78' lang='lat' dir='ltr'><strong>trihorium</strong></span> <span class='ocrx_word' id='word_1_77' title='bbox 667 1041 711 1082; x_wconf 78' lang='lat' dir='ltr'><strong>in</strong></span> <span class='ocrx_word' id='word_1_78' title='bbox 739 1028 959 1095; x_wconf 76' lang='lat' dir='ltr'>idy11.&#39;10‚</span> <span class='ocrx_word' id='word_1_79' title='bbox 990 1044 1061 1091; x_wconf 58' lang='grc' dir='ltr'><strong>επ</strong></span> <span class='ocrx_word' id='word_1_80' title='bbox 1091 1040 1136 1081; x_wconf 86' lang='lat' dir='ltr'><strong>in</strong></span> <span class='ocrx_word' id='word_1_81' title='bbox 1166 1040 1291 1094; x_wconf 79' lang='lat' dir='ltr'><strong>epist.</strong></span> <span class='ocrx_word' id='word_1_82' title='bbox 1321 1042 1362 1089; x_wconf 82' lang='lat'><strong>4,</strong></span> <span class='ocrx_word' id='word_1_83' title='bbox 1392 1040 1445 1078; x_wconf 79' lang='lat' dir='ltr'><strong>eo</strong></span> <span class='ocrx_word' id='word_1_84' title='bbox 1474 1034 1579 1090; x_wconf 84' lang='lat'>(62).</span> 
     </span>
     <span class='ocr_line' id='line_1_14' title="bbox 320 1105 1871 1168; baseline -0.005 -13"><span class='ocrx_word' id='word_1_85' title='bbox 320 1113 386 1155; x_wconf 85' lang='lat' dir='ltr'><strong>Ex</strong></span> <span class='ocrx_word' id='word_1_86' title='bbox 416 1112 706 1155; x_wconf 81' lang='lat' dir='ltr'><strong>substantivis</strong></span> <span class='ocrx_word' id='word_1_87' title='bbox 734 1112 780 1153; x_wconf 90' lang='lat' dir='ltr'><strong>in</strong></span> <span class='ocrx_word' id='word_1_88' title='bbox 812 1111 973 1168; x_wconf 81' lang='lat' dir='ltr'><strong>„gena“</strong></span> <span class='ocrx_word' id='word_1_89' title='bbox 1007 1115 1052 1154; x_wconf 87' lang='lat' dir='ltr'><strong>et</strong></span> <span class='ocrx_word' id='word_1_90' title='bbox 1084 1110 1228 1163; x_wconf 83' lang='lat' dir='ltr'><strong>„oola“</strong></span> <span class='ocrx_word' id='word_1_91' title='bbox 1260 1108 1520 1152; x_wconf 83' lang='lat' dir='ltr'><strong>exeuntibus</strong></span> <span class='ocrx_word' id='word_1_92' title='bbox 1548 1107 1656 1151; x_wconf 80' lang='lat' dir='ltr'><strong>haee</strong></span> <span class='ocrx_word' id='word_1_93' title='bbox 1683 1105 1871 1161; x_wconf 84' lang='lat' dir='ltr'><strong>profero:</strong></span> 
     </span>
     <span class='ocr_line' id='line_1_15' title="bbox 365 1182 1183 1241; baseline -0.005 -14"><span class='ocrx_word' id='word_1_94' title='bbox 365 1184 740 1241; x_wconf 82' lang='lat' dir='ltr'><strong>aquilonigena</strong></span> <span class='ocrx_word' id='word_1_95' title='bbox 766 1183 812 1226; x_wconf 91' lang='lat' dir='ltr'><strong>in</strong></span> <span class='ocrx_word' id='word_1_96' title='bbox 840 1182 964 1238; x_wconf 85' lang='lat' dir='ltr'><strong>idyll.</strong></span> <span class='ocrx_word' id='word_1_97' title='bbox 997 1186 1061 1234; x_wconf 81' lang='lat'><strong>10,</strong></span> <span class='ocrx_word' id='word_1_98' title='bbox 1088 1185 1183 1224; x_wconf 87' lang='lat'>404.</span> 
     </span>
     <span class='ocr_line' id='line_1_16' title="bbox 366 1254 1316 1312; baseline -0.003 -14"><span class='ocrx_word' id='word_1_99' title='bbox 366 1256 643 1312; x_wconf 84' lang='lat' dir='ltr'><strong>caeligena</strong></span> <span class='ocrx_word' id='word_1_100' title='bbox 672 1256 716 1297; x_wconf 88' lang='lat' dir='ltr'><strong>in</strong></span> <span class='ocrx_word' id='word_1_101' title='bbox 747 1255 881 1311; x_wconf 82' lang='lat' dir='ltr'><strong>eclog.</strong></span> <span class='ocrx_word' id='word_1_102' title='bbox 912 1255 963 1298; x_wconf 88' lang='lat' dir='ltr'><strong>de</strong></span> <span class='ocrx_word' id='word_1_103' title='bbox 993 1256 1068 1297; x_wconf 85' lang='lat' dir='ltr'><strong>fer.</strong></span> <span class='ocrx_word' id='word_1_104' title='bbox 1098 1254 1220 1297; x_wconf 86' lang='lat' dir='ltr'><strong>Rom.</strong></span> <span class='ocrx_word' id='word_1_105' title='bbox 1251 1258 1316 1296; x_wconf 82' lang='lat'>36.</span> 
     </span>
     <span class='ocr_line' id='line_1_17' title="bbox 362 1327 985 1381; baseline -0.003 -12"><span class='ocrx_word' id='word_1_106' title='bbox 362 1327 593 1370; x_wconf 84' lang='lat' dir='ltr'><strong>limieola</strong></span> <span class='ocrx_word' id='word_1_107' title='bbox 620 1328 666 1369; x_wconf 89' lang='lat' dir='ltr'><strong>in</strong></span> <span class='ocrx_word' id='word_1_108' title='bbox 697 1327 821 1381; x_wconf 85' lang='lat' dir='ltr'><strong>epist.</strong></span> <span class='ocrx_word' id='word_1_109' title='bbox 854 1331 890 1379; x_wconf 85' lang='lat'><strong>7,</strong></span> <span class='ocrx_word' id='word_1_110' title='bbox 920 1330 985 1368; x_wconf 86' lang='lat'>36.</span> 
     </span>
     <span class='ocr_line' id='line_1_18' title="bbox 363 1398 1546 1454; baseline -0.002 -15"><span class='ocrx_word' id='word_1_111' title='bbox 363 1399 612 1454; x_wconf 86' lang='lat' dir='ltr'><strong>limigena</strong></span> <span class='ocrx_word' id='word_1_112' title='bbox 639 1400 685 1439; x_wconf 92' lang='lat' dir='ltr'><strong>in</strong></span> <span class='ocrx_word' id='word_1_113' title='bbox 713 1398 835 1452; x_wconf 88' lang='lat' dir='ltr'><strong>idyll.</strong></span> <span class='ocrx_word' id='word_1_114' title='bbox 867 1403 932 1451; x_wconf 87' lang='lat'><strong>10,</strong></span> <span class='ocrx_word' id='word_1_115' title='bbox 961 1403 1027 1439; x_wconf 87' lang='lat'>45.</span> <span class='ocrx_word' id='word_1_116' title='bbox 1544 1427 1546 1429; x_wconf 50' lang='lat'>&gt;</span> 
     </span>
     <span class='ocr_line' id='line_1_19' title="bbox 364 1466 1872 1526; baseline -0.003 -14"><span class='ocrx_word' id='word_1_117' title='bbox 364 1469 716 1526; x_wconf 88' lang='lat' dir='ltr'><strong>Saturnigena.</strong></span> <span class='ocrx_word' id='word_1_118' title='bbox 745 1469 790 1510; x_wconf 90' lang='lat' dir='ltr'><strong>in</strong></span> <span class='ocrx_word' id='word_1_119' title='bbox 820 1469 942 1525; x_wconf 87' lang='lat' dir='ltr'><strong>idyll.</strong></span> <span class='ocrx_word' id='word_1_120' title='bbox 976 1473 1041 1523; x_wconf 88' lang='grc'><strong>15,</strong></span> <span class='ocrx_word' id='word_1_121' title='bbox 1072 1474 1135 1511; x_wconf 87' lang='grc'><strong>22.</strong></span> <span class='ocrx_word' id='word_1_122' title='bbox 1175 1469 1248 1524; x_wconf 85' lang='lat' dir='ltr'><strong>(ef.</strong></span> <span class='ocrx_word' id='word_1_123' title='bbox 1284 1469 1428 1512; x_wconf 89' lang='lat' dir='ltr'><strong>Sidon.</strong></span> <span class='ocrx_word' id='word_1_124' title='bbox 1458 1469 1503 1511; x_wconf 91' lang='lat' dir='ltr'><strong>in</strong></span> <span class='ocrx_word' id='word_1_125' title='bbox 1534 1482 1663 1510; x_wconf 86' lang='lat' dir='ltr'><strong>earm.</strong></span> <span class='ocrx_word' id='word_1_126' title='bbox 1693 1472 1731 1520; x_wconf 88' lang='grc'><strong>9,</strong></span> <span class='ocrx_word' id='word_1_127' title='bbox 1762 1466 1872 1521; x_wconf 88' lang='grc'>132).</span> 
     </span>
     <span class='ocr_line' id='line_1_20' title="bbox 276 1554 1872 1613; baseline -0.002 -14"><span class='ocrx_word' id='word_1_128' title='bbox 276 1554 283 1559; x_wconf 66' lang='grc'><strong>“</strong></span> <span class='ocrx_word' id='word_1_129' title='bbox 340 1558 407 1599; x_wconf 85' lang='lat' dir='ltr'><strong>Ex</strong></span> <span class='ocrx_word' id='word_1_130' title='bbox 445 1558 729 1600; x_wconf 82' lang='lat' dir='ltr'><strong>similitudine</strong></span> <span class='ocrx_word' id='word_1_131' title='bbox 767 1558 919 1600; x_wconf 85' lang='lat' dir='ltr'><strong>horum</strong></span> <span class='ocrx_word' id='word_1_132' title='bbox 961 1559 1252 1613; x_wconf 84' lang='lat' dir='ltr'><strong>exemplorum</strong></span> <span class='ocrx_word' id='word_1_133' title='bbox 1288 1558 1334 1599; x_wconf 89' lang='lat' dir='ltr'><strong>in</strong></span> <span class='ocrx_word' id='word_1_134' title='bbox 1372 1557 1479 1599; x_wconf 86' lang='lat' dir='ltr'><strong>Aus.</strong></span> <span class='ocrx_word' id='word_1_135' title='bbox 1517 1556 1641 1611; x_wconf 86' lang='lat' dir='ltr'><strong>idyll.</strong></span> <span class='ocrx_word' id='word_1_136' title='bbox 1674 1562 1744 1609; x_wconf 81' lang='lat'><strong>10,</strong></span> <span class='ocrx_word' id='word_1_137' title='bbox 1775 1560 1872 1597; x_wconf 86' lang='lat'><strong>116:</strong></span> 
     </span>
     <span class='ocr_line' id='line_1_21' title="bbox 236 1626 1875 1686; baseline -0.002 -13"><span class='ocrx_word' id='word_1_138' title='bbox 236 1630 536 1686; x_wconf 82' lang='lat' dir='ltr'><strong>„amnigenas“</strong></span> <span class='ocrx_word' id='word_1_139' title='bbox 552 1662 562 1681; x_wconf 85' lang='lat'>‚</span> <span class='ocrx_word' id='word_1_140' title='bbox 597 1644 681 1672; x_wconf 92' lang='lat' dir='ltr'><strong>non</strong></span> <span class='ocrx_word' id='word_1_141' title='bbox 716 1629 1044 1685; x_wconf 83' lang='lat' dir='ltr'><strong>‚,amnigen0s“‚</strong></span> <span class='ocrx_word' id='word_1_142' title='bbox 1074 1629 1119 1672; x_wconf 90' lang='lat' dir='ltr'><strong>id</strong></span> <span class='ocrx_word' id='word_1_143' title='bbox 1149 1629 1262 1684; x_wconf 89' lang='lat' dir='ltr'><strong>quod</strong></span> <span class='ocrx_word' id='word_1_144' title='bbox 1290 1627 1488 1672; x_wconf 84' lang='lat' dir='ltr'><strong>nonnulli</strong></span> <span class='ocrx_word' id='word_1_145' title='bbox 1518 1627 1637 1671; x_wconf 75' lang='lat' dir='ltr'><strong>codd.</strong></span> <span class='ocrx_word' id='word_1_146' title='bbox 1668 1626 1875 1670; x_wconf 82' lang='lat' dir='ltr'><strong>exhibent</strong></span> 
     </span>
     <span class='ocr_line' id='line_1_22' title="bbox 230 1699 1874 1756; baseline -0.001 -13"><span class='ocrx_word' id='word_1_147' title='bbox 230 1705 276 1743; x_wconf 86' lang='lat' dir='ltr'><strong>et</strong></span> <span class='ocrx_word' id='word_1_148' title='bbox 303 1700 597 1756; x_wconf 86' lang='lat' dir='ltr'><strong>Boeekingius</strong></span> <span class='ocrx_word' id='word_1_149' title='bbox 625 1701 670 1741; x_wconf 91' lang='lat' dir='ltr'><strong>in</strong></span> <span class='ocrx_word' id='word_1_150' title='bbox 700 1705 872 1743; x_wconf 83' lang='lat' dir='ltr'><strong>textum</strong></span> <span class='ocrx_word' id='word_1_151' title='bbox 901 1702 1089 1756; x_wconf 85' lang='lat' dir='ltr'><strong>recepit,</strong></span> <span class='ocrx_word' id='word_1_152' title='bbox 1129 1701 1361 1756; x_wconf 84' lang='lat' dir='ltr'><strong>legendum</strong></span> <span class='ocrx_word' id='word_1_153' title='bbox 1389 1713 1482 1742; x_wconf 88' lang='lat' dir='ltr'><strong>esse</strong></span> <span class='ocrx_word' id='word_1_154' title='bbox 1512 1713 1684 1751; x_wconf 80' lang='lat' dir='ltr'><strong>cense03</strong></span> <span class='ocrx_word' id='word_1_155' title='bbox 1726 1699 1874 1741; x_wconf 88' lang='lat' dir='ltr'><strong>eodem</strong></span> 
     </span>
     <span class='ocr_line' id='line_1_23' title="bbox 230 1769 1874 1829; baseline 0 -15"><span class='ocrx_word' id='word_1_156' title='bbox 230 1772 354 1816; x_wconf 91' lang='lat' dir='ltr'><strong>modo</strong></span> <span class='ocrx_word' id='word_1_157' title='bbox 383 1774 428 1815; x_wconf 91' lang='lat' dir='ltr'><strong>in</strong></span> <span class='ocrx_word' id='word_1_158' title='bbox 456 1772 620 1816; x_wconf 92' lang='lat' dir='ltr'><strong>Auson.</strong></span> <span class='ocrx_word' id='word_1_159' title='bbox 651 1773 815 1828; x_wconf 89' lang='lat' dir='ltr'><strong>ephem.</strong></span> <span class='ocrx_word' id='word_1_160' title='bbox 845 1778 953 1815; x_wconf 84' lang='lat' dir='ltr'><strong>orat.</strong></span> <span class='ocrx_word' id='word_1_161' title='bbox 984 1777 1038 1814; x_wconf 85' lang='lat'><strong>47</strong></span> <span class='ocrx_word' id='word_1_162' title='bbox 1069 1772 1324 1829; x_wconf 83' lang='lat' dir='ltr'><strong>unigenae“‚</strong></span> <span class='ocrx_word' id='word_1_163' title='bbox 1353 1787 1439 1816; x_wconf 88' lang='lat' dir='ltr'><strong>non</strong></span> <span class='ocrx_word' id='word_1_164' title='bbox 1470 1770 1713 1828; x_wconf 87' lang='lat' dir='ltr'><strong>„unigeni“.</strong></span> <span class='ocrx_word' id='word_1_165' title='bbox 1752 1769 1874 1824; x_wconf 87' lang='lat' dir='ltr'><strong>(Uni-</strong></span> 
     </span>
    </p>
   </div>
   <div class='ocr_carea' id='block_1_7' title="bbox 155 1843 1436 1906">
    <p class='ocr_par' dir='ltr' id='par_1_7' title="bbox 155 1843 1436 1906">
     <span class='ocr_line' id='line_1_24' title="bbox 155 1843 1436 1906; baseline -0.001 -19"><span class='ocrx_word' id='word_1_166' title='bbox 155 1902 159 1906; x_wconf 28' lang='grc'><em>.</em></span> <span class='ocrx_word' id='word_1_167' title='bbox 230 1859 386 1900; x_wconf 85' lang='lat' dir='ltr'><strong>genam</strong></span> <span class='ocrx_word' id='word_1_168' title='bbox 416 1845 549 1888; x_wconf 85' lang='lat' dir='ltr'><strong>etiam</strong></span> <span class='ocrx_word' id='word_1_169' title='bbox 578 1844 694 1899; x_wconf 85' lang='lat' dir='ltr'><strong>apud</strong></span> <span class='ocrx_word' id='word_1_170' title='bbox 725 1843 915 1888; x_wconf 79' lang='lat' dir='ltr'><strong>ciceron.</strong></span> <span class='ocrx_word' id='word_1_171' title='bbox 946 1845 992 1887; x_wconf 89' lang='lat' dir='ltr'><strong>in</strong></span> <span class='ocrx_word' id='word_1_172' title='bbox 1023 1844 1132 1887; x_wconf 79' lang='lat' dir='ltr'><strong>Tim.</strong></span> <span class='ocrx_word' id='word_1_173' title='bbox 1162 1849 1187 1886; x_wconf 92' lang='lat'>4</span> <span class='ocrx_word' id='word_1_174' title='bbox 1217 1843 1436 1900; x_wconf 88' lang='lat' dir='ltr'><strong>legimus.)</strong></span> 
     </span>
    </p>
   </div>
   <div class='ocr_carea' id='block_1_8' title="bbox 230 1932 1875 2637">
    <p class='ocr_par' dir='ltr' id='par_1_8' title="bbox 230 1932 1875 2193">
     <span class='ocr_line' id='line_1_25' title="bbox 339 1932 1874 1987; baseline 0.001 -13"><span class='ocrx_word' id='word_1_175' title='bbox 339 1932 520 1975; x_wconf 83' lang='lat' dir='ltr'><strong>Praeter</strong></span> <span class='ocrx_word' id='word_1_176' title='bbox 547 1933 655 1974; x_wconf 86' lang='lat' dir='ltr'><strong>haee</strong></span> <span class='ocrx_word' id='word_1_177' title='bbox 682 1933 902 1987; x_wconf 80' lang='lat' dir='ltr'><strong>permulta</strong></span> <span class='ocrx_word' id='word_1_178' title='bbox 929 1933 1020 1975; x_wconf 84' lang='lat' dir='ltr'><strong>alia</strong></span> <span class='ocrx_word' id='word_1_179' title='bbox 1049 1933 1330 1975; x_wconf 82' lang='lat' dir='ltr'><strong>substantiva</strong></span> <span class='ocrx_word' id='word_1_180' title='bbox 1357 1933 1591 1987; x_wconf 84' lang='lat' dir='ltr'><strong>simplicia,</strong></span> <span class='ocrx_word' id='word_1_181' title='bbox 1620 1933 1874 1975; x_wconf 86' lang='lat' dir='ltr'><strong>animalium</strong></span> 
     </span>
     <span class='ocr_line' id='line_1_26' title="bbox 231 2003 1875 2061; baseline -0.001 -13"><span class='ocrx_word' id='word_1_182' title='bbox 231 2004 424 2057; x_wconf 85' lang='lat' dir='ltr'><strong>urbium,</strong></span> <span class='ocrx_word' id='word_1_183' title='bbox 462 2004 690 2047; x_wconf 78' lang='lat' dir='ltr'><strong>fluviorum</strong></span> <span class='ocrx_word' id='word_1_184' title='bbox 707 2038 716 2056; x_wconf 89' lang='grc'>,</span> <span class='ocrx_word' id='word_1_185' title='bbox 757 2004 942 2047; x_wconf 85' lang='lat' dir='ltr'><strong>aliarum</strong></span> <span class='ocrx_word' id='word_1_186' title='bbox 970 2018 1115 2047; x_wconf 90' lang='lat' dir='ltr'><strong>rerum</strong></span> <span class='ocrx_word' id='word_1_187' title='bbox 1145 2005 1421 2061; x_wconf 81' lang='lat' dir='ltr'><strong>cognomina,</strong></span> <span class='ocrx_word' id='word_1_188' title='bbox 1451 2018 1563 2060; x_wconf 88' lang='lat' dir='ltr'><strong>quae</strong></span> <span class='ocrx_word' id='word_1_189' title='bbox 1592 2004 1730 2048; x_wconf 87' lang='lat' dir='ltr'><strong>solum</strong></span> <span class='ocrx_word' id='word_1_190' title='bbox 1759 2003 1875 2060; x_wconf 84' lang='lat' dir='ltr'><strong>apud</strong></span> 
     </span>
     <span class='ocr_line' id='line_1_27' title="bbox 230 2077 1874 2132; baseline 0 -13"><span class='ocrx_word' id='word_1_191' title='bbox 230 2077 473 2119; x_wconf 90' lang='lat' dir='ltr'><strong>Ausonium</strong></span> <span class='ocrx_word' id='word_1_192' title='bbox 502 2077 729 2132; x_wconf 85' lang='lat' dir='ltr'><strong>leguntur,</strong></span> <span class='ocrx_word' id='word_1_193' title='bbox 766 2077 1006 2119; x_wconf 82' lang='lat' dir='ltr'><strong>observavi.</strong></span> <span class='ocrx_word' id='word_1_194' title='bbox 1071 2077 1194 2120; x_wconf 89' lang='lat' dir='ltr'><strong>Inter</strong></span> <span class='ocrx_word' id='word_1_195' title='bbox 1229 2092 1340 2131; x_wconf 88' lang='lat' dir='ltr'><strong>quae</strong></span> <span class='ocrx_word' id='word_1_196' title='bbox 1374 2077 1550 2120; x_wconf 83' lang='lat' dir='ltr'><strong>nomina</strong></span> <span class='ocrx_word' id='word_1_197' title='bbox 1577 2077 1752 2132; x_wconf 84' lang='lat' dir='ltr'><strong>propria</strong></span> <span class='ocrx_word' id='word_1_198' title='bbox 1778 2090 1874 2132; x_wconf 87' lang='lat' dir='ltr'><strong>pru·</strong></span> 
     </span>
     <span class='ocr_line' id='line_1_28' title="bbox 230 2148 528 2193; baseline 0 -2"><span class='ocrx_word' id='word_1_199' title='bbox 230 2148 335 2191; x_wconf 88' lang='lat' dir='ltr'><strong>dens</strong></span> <span class='ocrx_word' id='word_1_200' title='bbox 361 2149 528 2193; x_wconf 82' lang='lat' dir='ltr'><strong>omitto.</strong></span> 
     </span>
    </p>

    <p class='ocr_par' dir='ltr' id='par_1_9' title="bbox 362 2220 1131 2277">
     <span class='ocr_line' id='line_1_29' title="bbox 362 2220 1131 2277; baseline 0 -14"><span class='ocrx_word' id='word_1_201' title='bbox 362 2221 546 2264; x_wconf 86' lang='lat' dir='ltr'><strong>alausa</strong></span> <span class='ocrx_word' id='word_1_202' title='bbox 575 2220 759 2276; x_wconf 81' lang='lat' dir='ltr'><strong>(piscis),</strong></span> <span class='ocrx_word' id='word_1_203' title='bbox 788 2221 910 2277; x_wconf 86' lang='lat' dir='ltr'><strong>idyll.</strong></span> <span class='ocrx_word' id='word_1_204' title='bbox 943 2225 1007 2273; x_wconf 87' lang='lat'><strong>10,</strong></span> <span class='ocrx_word' id='word_1_205' title='bbox 1040 2225 1131 2263; x_wconf 83' lang='grc'>127.</span> 
     </span>
    </p>

    <p class='ocr_par' dir='ltr' id='par_1_10' title="bbox 361 2292 1009 2349">
     <span class='ocr_line' id='line_1_30' title="bbox 361 2292 1009 2349; baseline -0.002 -13"><span class='ocrx_word' id='word_1_206' title='bbox 361 2293 552 2336; x_wconf 80' lang='lat' dir='ltr'><strong>barbus</strong></span> <span class='ocrx_word' id='word_1_207' title='bbox 583 2292 753 2349; x_wconf 82' lang='lat' dir='ltr'><strong>(piscis)</strong></span> <span class='ocrx_word' id='word_1_208' title='bbox 782 2293 886 2336; x_wconf 89' lang='lat' dir='ltr'><strong>ibid.</strong></span> <span class='ocrx_word' id='word_1_209' title='bbox 919 2298 1009 2335; x_wconf 87' lang='lat'>134.</span> 
     </span>
    </p>

    <p class='ocr_par' dir='ltr' id='par_1_11' title="bbox 362 2364 1319 2422">
     <span class='ocr_line' id='line_1_31' title="bbox 362 2364 1319 2422; baseline -0.001 -14"><span class='ocrx_word' id='word_1_210' title='bbox 362 2365 520 2408; x_wconf 85' lang='lat' dir='ltr'><strong>burra</strong></span> <span class='ocrx_word' id='word_1_211' title='bbox 547 2364 591 2420; x_wconf 70' lang='grc'><strong>*)</strong></span> <span class='ocrx_word' id='word_1_212' title='bbox 621 2366 667 2408; x_wconf 92' lang='lat' dir='ltr'><strong>in</strong></span> <span class='ocrx_word' id='word_1_213' title='bbox 695 2366 983 2422; x_wconf 75' lang='lat' dir='ltr'><strong>praefatiune.</strong></span> <span class='ocrx_word' id='word_1_214' title='bbox 1016 2366 1072 2408; x_wconf 86' lang='lat' dir='ltr'><strong>ad</strong></span> <span class='ocrx_word' id='word_1_215' title='bbox 1099 2365 1251 2409; x_wconf 83' lang='lat' dir='ltr'>Pacat.</span> <span class='ocrx_word' id='word_1_216' title='bbox 1282 2370 1319 2408; x_wconf 91' lang='lat'><strong>5.</strong></span> 
     </span>
    </p>

    <p class='ocr_par' dir='ltr' id='par_1_12' title="bbox 363 2436 1188 2492">
     <span class='ocr_line' id='line_1_32' title="bbox 363 2436 1188 2492; baseline 0 -13"><span class='ocrx_word' id='word_1_217' title='bbox 363 2451 570 2479; x_wconf 80' lang='lat' dir='ltr'><strong>carroco</strong></span> <span class='ocrx_word' id='word_1_218' title='bbox 601 2437 743 2492; x_wconf 87' lang='lat' dir='ltr'><strong>(piso.)</strong></span> <span class='ocrx_word' id='word_1_219' title='bbox 774 2438 899 2492; x_wconf 86' lang='lat' dir='ltr'><strong>epist.</strong></span> <span class='ocrx_word' id='word_1_220' title='bbox 929 2442 968 2489; x_wconf 84' lang='lat'><strong>4,</strong></span> <span class='ocrx_word' id='word_1_221' title='bbox 1000 2442 1054 2478; x_wconf 87' lang='lat'><strong>60</strong></span> <span class='ocrx_word' id='word_1_222' title='bbox 1082 2436 1188 2491; x_wconf 83' lang='lat'>(57).</span> 
     </span>
    </p>

    <p class='ocr_par' dir='ltr' id='par_1_13' title="bbox 361 2507 1576 2637">
     <span class='ocr_line' id='line_1_33' title="bbox 362 2507 1298 2566; baseline 0 -15"><span class='ocrx_word' id='word_1_223' title='bbox 362 2509 604 2566; x_wconf 86' lang='lat' dir='ltr'><strong>elegatus</strong></span> <span class='ocrx_word' id='word_1_224' title='bbox 635 2507 780 2564; x_wconf 84' lang='lat' dir='ltr'><strong>(pise.)</strong></span> <span class='ocrx_word' id='word_1_225' title='bbox 809 2510 856 2552; x_wconf 91' lang='lat' dir='ltr'><strong>in</strong></span> <span class='ocrx_word' id='word_1_226' title='bbox 886 2510 1012 2565; x_wconf 84' lang='lat' dir='ltr'><strong>epist.</strong></span> <span class='ocrx_word' id='word_1_227' title='bbox 1042 2514 1081 2562; x_wconf 87' lang='lat'><strong>4,</strong></span> <span class='ocrx_word' id='word_1_228' title='bbox 1111 2514 1160 2551; x_wconf 89' lang='grc'><strong>61</strong></span> <span class='ocrx_word' id='word_1_229' title='bbox 1193 2508 1298 2565; x_wconf 89' lang='grc'>(59).</span> 
     </span>
     <span class='ocr_line' id='line_1_34' title="bbox 361 2580 1576 2637; baseline 0.001 -14"><span class='ocrx_word' id='word_1_230' title='bbox 361 2580 642 2637; x_wconf 83' lang='lat' dir='ltr'><strong>Ineptiola‚</strong></span> <span class='ocrx_word' id='word_1_231' title='bbox 672 2580 879 2624; x_wconf 90' lang='lat' dir='ltr'><strong>deminut.</strong></span> <span class='ocrx_word' id='word_1_232' title='bbox 910 2582 966 2624; x_wconf 85' lang='lat' dir='ltr'><strong>ab</strong></span> <span class='ocrx_word' id='word_1_233' title='bbox 996 2582 1163 2637; x_wconf 84' lang='lat' dir='ltr'><strong>ineptia</strong></span> <span class='ocrx_word' id='word_1_234' title='bbox 1192 2582 1238 2624; x_wconf 88' lang='lat' dir='ltr'><strong>in</strong></span> <span class='ocrx_word' id='word_1_235' title='bbox 1267 2582 1388 2637; x_wconf 87' lang='lat' dir='ltr'><strong>idyll.</strong></span> <span class='ocrx_word' id='word_1_236' title='bbox 1421 2587 1484 2634; x_wconf 95' lang='grc'><strong>11,</strong></span> <span class='ocrx_word' id='word_1_237' title='bbox 1513 2597 1576 2637; x_wconf 87' lang='lat' dir='ltr'><strong>pr.</strong></span> 
     </span>
    </p>
   </div>
   <div class='ocr_carea' id='block_1_9' title="bbox 228 2723 1878 3019">
    <p class='ocr_par' dir='ltr' id='par_1_14' title="bbox 228 2723 1878 3019">
     <span class='ocr_line' id='line_1_35' title="bbox 228 2723 1874 2773; baseline 0 -14"><span class='ocrx_word' id='word_1_238' title='bbox 228 2724 268 2767; x_wconf 49' lang='grc' dir='ltr'><strong>ἃ)</strong></span> <span class='ocrx_word' id='word_1_239' title='bbox 292 2724 495 2760; x_wconf 88' lang='lat' dir='ltr'><strong>Verisimile</strong></span> <span class='ocrx_word' id='word_1_240' title='bbox 519 2726 573 2759; x_wconf 83' lang='lat' dir='ltr'><strong>est</strong></span> <span class='ocrx_word' id='word_1_241' title='bbox 594 2723 793 2759; x_wconf 85' lang='lat' dir='ltr'><strong>Ausonium</strong></span> <span class='ocrx_word' id='word_1_242' title='bbox 818 2723 911 2759; x_wconf 82' lang='lat' dir='ltr'><strong>hanc</strong></span> <span class='ocrx_word' id='word_1_243' title='bbox 937 2735 1058 2760; x_wconf 86' lang='lat' dir='ltr'><strong>vocem</strong></span> <span class='ocrx_word' id='word_1_244' title='bbox 1082 2736 1124 2759; x_wconf 83' lang='lat' dir='ltr'><strong>ex</strong></span> <span class='ocrx_word' id='word_1_245' title='bbox 1147 2724 1266 2761; x_wconf 86' lang='lat' dir='ltr'><strong>sonitu</strong></span> <span class='ocrx_word' id='word_1_246' title='bbox 1290 2735 1405 2760; x_wconf 87' lang='lat' dir='ltr'><strong>rerum</strong></span> <span class='ocrx_word' id='word_1_247' title='bbox 1429 2725 1697 2773; x_wconf 63' lang='lat' dir='ltr'><strong>nugatoriam-um</strong></span> <span class='ocrx_word' id='word_1_248' title='bbox 1720 2725 1874 2761; x_wconf 80' lang='lat' dir='ltr'><strong>finxisse.</strong></span> 
     </span>
     <span class='ocr_line' id='line_1_36' title="bbox 318 2784 1876 2834; baseline 0.001 -14"><span class='ocrx_word' id='word_1_249' title='bbox 318 2784 452 2820; x_wconf 85' lang='lat' dir='ltr'><strong>Burrae</strong></span> <span class='ocrx_word' id='word_1_250' title='bbox 481 2785 687 2831; x_wconf 78' lang='lat' dir='ltr'><strong>significant</strong></span> <span class='ocrx_word' id='word_1_251' title='bbox 716 2795 829 2831; x_wconf 81' lang='lat' dir='ltr'><strong>nugas</strong></span> <span class='ocrx_word' id='word_1_252' title='bbox 862 2785 921 2820; x_wconf 88' lang='lat' dir='ltr'><strong>vel</strong></span> <span class='ocrx_word' id='word_1_253' title='bbox 944 2796 1085 2830; x_wconf 77' lang='lat' dir='ltr'><strong>gerraS,</strong></span> <span class='ocrx_word' id='word_1_254' title='bbox 1118 2797 1204 2832; x_wconf 83' lang='lat' dir='ltr'><strong>quas</strong></span> <span class='ocrx_word' id='word_1_255' title='bbox 1228 2786 1408 2821; x_wconf 87' lang='lat' dir='ltr'><strong>Ausonius</strong></span> <span class='ocrx_word' id='word_1_256' title='bbox 1437 2786 1475 2822; x_wconf 90' lang='lat' dir='ltr'><strong>in</strong></span> <span class='ocrx_word' id='word_1_257' title='bbox 1498 2786 1601 2834; x_wconf 83' lang='lat' dir='ltr'><strong>idyll.</strong></span> <span class='ocrx_word' id='word_1_258' title='bbox 1624 2787 1676 2821; x_wconf 94' lang='grc'><strong>11.</strong></span> <span class='ocrx_word' id='word_1_259' title='bbox 1701 2798 1753 2833; x_wconf 87' lang='lat' dir='ltr'><strong>pr.</strong></span> <span class='ocrx_word' id='word_1_260' title='bbox 1777 2785 1876 2822; x_wconf 79' lang='lat' dir='ltr'><strong>dicit.</strong></span> 
     </span>
     <span class='ocr_line' id='line_1_37' title="bbox 319 2845 1876 2897; baseline 0.003 -17"><span class='ocrx_word' id='word_1_261' title='bbox 319 2846 440 2893; x_wconf 84' lang='lat' dir='ltr'><strong>Neque</strong></span> <span class='ocrx_word' id='word_1_262' title='bbox 462 2850 582 2881; x_wconf 77' lang='lat' dir='ltr'><strong>tamen</strong></span> <span class='ocrx_word' id='word_1_263' title='bbox 605 2857 677 2882; x_wconf 91' lang='lat' dir='ltr'><strong>non</strong></span> <span class='ocrx_word' id='word_1_264' title='bbox 700 2845 973 2897; x_wconf 25' lang='lat' dir='ltr'><strong>probabile-est,</strong></span> <span class='ocrx_word' id='word_1_265' title='bbox 999 2847 1122 2883; x_wconf 73' lang='lat' dir='ltr'><strong>burras</strong></span> <span class='ocrx_word' id='word_1_266' title='bbox 1139 2846 1317 2883; x_wconf 77' lang='lat' dir='ltr'><strong>derivatas</strong></span> <span class='ocrx_word' id='word_1_267' title='bbox 1341 2859 1416 2883; x_wconf 85' lang='lat' dir='ltr'><strong>esse</strong></span> <span class='ocrx_word' id='word_1_268' title='bbox 1438 2859 1460 2884; x_wconf 87' lang='grc'><strong>3</strong></span> <span class='ocrx_word' id='word_1_269' title='bbox 1477 2849 1612 2884; x_wconf 75' lang='lat' dir='ltr'><strong>Graeco</strong></span> <span class='ocrx_word' id='word_1_270' title='bbox 1627 2848 1747 2892; x_wconf 74' lang='lat' dir='ltr'><strong>verbe,</strong></span> <span class='ocrx_word' id='word_1_271' title='bbox 1770 2846 1876 2895; x_wconf 85' lang='lat' dir='ltr'><strong>quod·</strong></span> 
     </span>
     <span class='ocr_line' id='line_1_38' title="bbox 318 2906 1878 2955; baseline 0.003 -14"><span class='ocrx_word' id='word_1_272' title='bbox 318 2912 372 2943; x_wconf 82' lang='lat' dir='ltr'><strong>est</strong></span> <span class='ocrx_word' id='word_1_273' title='bbox 394 2910 492 2951; x_wconf 71' lang='grc' dir='ltr'>ρρύω,</span> <span class='ocrx_word' id='word_1_274' title='bbox 516 2906 608 2943; x_wconf 86' lang='lat' dir='ltr'><strong>unde</strong></span> <span class='ocrx_word' id='word_1_275' title='bbox 629 2907 831 2954; x_wconf 86' lang='lat' dir='ltr'><strong>Appuleius</strong></span> <span class='ocrx_word' id='word_1_276' title='bbox 855 2909 893 2944; x_wconf 92' lang='lat' dir='ltr'><strong>in</strong></span> <span class='ocrx_word' id='word_1_277' title='bbox 916 2913 999 2945; x_wconf 83' lang='lat' dir='ltr'><strong>met.</strong></span> <span class='ocrx_word' id='word_1_278' title='bbox 1021 2909 1054 2944; x_wconf 90' lang='lat'>8.</span> <span class='ocrx_word' id='word_1_279' title='bbox 1077 2921 1113 2955; x_wconf 86' lang='lat' dir='ltr'><strong>p.</strong></span> <span class='ocrx_word' id='word_1_280' title='bbox 1135 2908 1212 2944; x_wconf 85' lang='lat'>211.</span> <span class='ocrx_word' id='word_1_281' title='bbox 1235 2908 1289 2946; x_wconf 81' lang='lat'>28.</span> <span class='ocrx_word' id='word_1_282' title='bbox 1314 2909 1458 2945; x_wconf 86' lang='lat' dir='ltr'><strong>verbum</strong></span> <span class='ocrx_word' id='word_1_283' title='bbox 1490 2920 1591 2949; x_wconf 81' lang='lat' dir='ltr'><strong>suum</strong></span> <span class='ocrx_word' id='word_1_284' title='bbox 1615 2907 1793 2945; x_wconf 80' lang='lat' dir='ltr'><strong>borriendi</strong></span> <span class='ocrx_word' id='word_1_285' title='bbox 1816 2909 1878 2946; x_wconf 81' lang='lat' dir='ltr'><strong>vel</strong></span> 
     </span>
     <span class='ocr_line' id='line_1_39' title="bbox 318 2967 1513 3019; baseline 0.002 -15"><span class='ocrx_word' id='word_1_286' title='bbox 318 2967 500 3005; x_wconf 83' lang='lat' dir='ltr'><strong>burriendi</strong></span> <span class='ocrx_word' id='word_1_287' title='bbox 522 2969 683 3005; x_wconf 82' lang='lat' dir='ltr'><strong>hausisse</strong></span> <span class='ocrx_word' id='word_1_288' title='bbox 706 2972 862 3015; x_wconf 76' lang='lat' dir='ltr'><strong>putatur,</strong></span> <span class='ocrx_word' id='word_1_289' title='bbox 909 2969 962 3007; x_wconf 82' lang='lat' dir='ltr'>cf.</span> <span class='ocrx_word' id='word_1_290' title='bbox 985 2969 1104 3015; x_wconf 83' lang='lat' dir='ltr'><strong>Klotz,</strong></span> <span class='ocrx_word' id='word_1_291' title='bbox 1128 2971 1151 3007; x_wconf 91' lang='lat' dir='ltr'><strong>l.</strong></span> <span class='ocrx_word' id='word_1_292' title='bbox 1176 2982 1204 3007; x_wconf 85' lang='lat' dir='ltr'>c.</span> <span class='ocrx_word' id='word_1_293' title='bbox 1228 2981 1255 3006; x_wconf 89' lang='lat' dir='ltr'><strong>s.</strong></span> <span class='ocrx_word' id='word_1_294' title='bbox 1279 2983 1309 3005; x_wconf 54' lang='lat' dir='ltr'><strong>v.</strong></span> <span class='ocrx_word' id='word_1_295' title='bbox 1336 2971 1513 3019; x_wconf 59' lang='lat' dir='ltr'><strong>„bui-rid‘.</strong></span> 
     </span>
    </p>
   </div>
  </div>
 </body>
</html>
