2056 3235
907 152 1183 191 -32—

220 255 439 315 (Scaliger
480 258 731 315 compendio
771 259 954 314 facere).
988 260 1032 303 id
1072 260 1185 316 quod
1224 258 1329 303 mihi
1367 258 1524 315 placet.
1574 256 1727 315 ,Velut
1753 249 1992 317 apud-
2031 311 2044 319 Ι,

220 325 430 372 Plautum
459 331 503 372 in
532 330 663 374 Most.
696 337 738 383 1,
776 337 813 383 1,
844 335 907 373 57.
937 332 1120 389 legitur:
1164 331 1409 385 „Orationis
1438 344 1613 385 operam
1643 325 1867 384 compendi

220 400 354 443 face.⁴‘
424 400 496 444 Ad
534 403 797 445 sententiam
839 396 962 459 quod¹
992 405 1156 448 attinet
1194 391 1264 461 ap.
1302 402 1465 446 Auson.
1505 403 1531 445 1.
1571 396 1605 444 c.
1629 400 1868 459 ⁴compendi
1945 415 1950 418 ”

223 472 367 514 facere
408 473 555 515 eodem
597 487 726 515 sensu
763 476 1063 534 accipiendum
1093 481 1160 519 est
1189 480 1322 531 atque
1351 489 1419 530 ap.
1447 474 1594 517 Plaut.
1622 474 1652 515 1.
1683 487 1736 526 c.,
1782 487 1868 516 non
1921 497 1933 500 ⁷<

222 557 323 587 vero
364 559 450 600 qua
486 545 807 602 significatione
835 536 995 591 Iulian.
1025 544 1229 592 Floridus
1258 547 1379 600 vult,
1418 547 1493 602 qui
1520 546 1547 588 1.
1580 560 1614 588 c.
1644 543 1868 602 perperam

221 614 284 657 sic
313 615 647 670 interpretatur:
689 617 867 671 Cetera,
912 634 1022 674 quae
1051 633 1225 662 noscere
1257 619 1400 674 cupis,
1438 618 1483 660 in
1521 631 1662 673 pauca
1703 621 1869 661 contra-

220 685 334 727 ham.
399 686 552 741 Neque
583 689 696 730 enim
725 689 951 732 Ausonius
980 692 1024 732 in
1056 692 1181 746 epist.
1213 694 1397 733 exeunte
1426 692 1513 732 iam
1544 689 1778 744 quidquam
1808 680 1901 742 ref

222 757 406 812 spondet
437 758 493 800 ad
524 773 587 810 ea,
618 775 729 816 quae
760 760 1047 818 Symmachus
1078 762 1311 819 comperire
1340 761 1494 805 voluit.

333 846 684 903 Defulgurare
713 850 758 890 in
787 851 975 904 pei-icch.
1006 856 1043 893 5.
1073 852 1125 893 Il.
1154 876 1209 883 —
1238 852 1401 906 clipeus
1430 851 1575 907 ignem
1605 850 1868 905 defulgurat.

331 917 629 962 Exsinuare
668 921 712 962 in
751 921 875 977 idyll.
917 927 990 974 14,
1023 927 1086 964 29.
1128 923 1386 976 (exinuabat
1424 920 1642 974 amictus).
1708 921 1869 964 Eodem

222 988 357 1033 verbo
384 990 527 1033 utitur
554 991 832 1035 Prudentius.
898 992 961 1036 Cf.
991 994 1138 1037 Klotz.

333 1059 667 1119 Humificare
695 1063 742 1105 in
771 1063 894 1119 idyll.
926 1069 964 1117 8,
996 1069 1060 1106 12.
1092 1064 1356 1119 (Sementem
1387 1065 1610 1107 humificet
1637 1062 1831 1117 Notus.)

332 1131 671 1176 Interludere
700 1135 747 1176 in
775 1134 898 1189 idyll.
931 1140 996 1187 10,
1029 1140 1113 1177 76.:

487 1203 811 1249 Interludentes
841 1207 1043 1250 examina
1071 1206 1241 1251 lubrica
1270 1208 1421 1262 pisces.

333 1274 646 1332 Superexire
676 1278 722 1319 in
750 1277 873 1333 idyll.
906 1284 971 1331 18,
1003 1284 1045 1321 1;

489 1348 573 1391 Ter
610 1349 736 1393 binos
774 1350 1001 1406 deciesque
1039 1366 1193 1394 novem
1234 1352 1455 1405 super-exit·
1494 1351 1537 1392 in
1581 1365 1716 1393 annos
1758 1350 1872 1404 (vita

752 1420 963 1477 virorum)
1838 1421 1842 1424 ’

223 1489 342 1543 (aliiz
373 1505 502 1547 super
529 1492 654 1547 exit.)

333 1561 456 1604 Haec
485 1568 588 1606 sunt
618 1564 754 1607 verba
781 1565 1062 1615 Ausoniana3
1105 1564 1262 1620 quibus
1305 1565 1483 1607 verbum
1521 1565 1871 1607 minuiscendi

225 1632 428 1677 adderem.
465 1648 516 1677 ex
559 1635 722 1690 ephem.
754 1639 862 1679 orat.
897 1641 969 1688 16,
1009 1637 1046 1678 si
1075 1635 1318 1680 Ausonium
1348 1623 1400 1679 re·
1424 1651 1525 1679 vera
1555 1637 1620 1679 ita
1649 1636 1871 1691 scripsisse

225 1709 460 1749 constaret.
518 1706 566 1747 L.
599 1721 654 1748 c.:

493 1800 571 1830 „—-
601 1782 646 1822 et
675 1779 848 1835 profugi
878 1779 1144 1822 minuiscunt
1175 1780 1354 1822 crimina
1384 1779 1521 1822 somni
1552 1780 1628 1807 -“

223 1848 286 1890 sic
315 1848 515 1905 Scaliger
545 1856 733 1892 veterem
764 1851 995 1893 lectionem
1030 1865 1209 1902 „munus
1240 1852 1359 1891 cum“
1377 1883 1387 1901 ,
1439 1852 1561 1892 cuius
1600 1850 1747 1891 nullus
1777 1854 1871 1891 erat

223 1933 393 1973 sensus,
423 1921 682 1965 emendavit.

601 2075 646 2140 2)
679 2075 832 2129 Verba.
864 2072 1105 2129 inusitata
1137 2074 1493 2129 terminatione.

334 2197 516 2241 Praeter
555 2197 733 2240 verbum
774 2198 1048 2242 claudicandi
1090 2213 1165 2241 seu
1197 2199 1428 2242 claudendi
1458 2200 1534 2252 (ΙΙ.
1567 2198 1756 2255 coniug.)
1786 2198 1873 2240 Au·
1932 2243 1936 2247 ,

225 2269 373 2311 sonius
403 2269 581 2310 verbum
615 2269 728 2323 quod
759 2273 825 2311 est
855 2270 1065 2312 cludere
1098 2270 1163 2312 vel
1195 2270 1395 2312 claudere
1426 2270 1625 2319 exhibet;
1656 2271 1708 2311 cf.
1739 2270 1875 2320 Neue,

224 2340 252 2381 l.
285 2354 318 2381 c.
348 2339 408 2382 II.
440 2345 532 2382 327.
591 2341 641 2382 111
674 2345 782 2396 sept.
814 2356 904 2396 sap.
934 2342 1041 2397 prol.
1072 2347 1146 2383 32:

757 2413 831 2456 sed
861 2413 897 2455 si
926 2414 1132 2457 memoria

492 2485 640 2528 Rebus
670 2486 859 2529 vetustis
889 2486 1027 2529 cludit
1059 2508 1108 2515 -
1138 2486 1256 2539 (alii:
1289 2484 1488 2539 claudit.)

228 2555 290 2598 Cf.
321 2555 574 2600 Alschefski
604 2558 660 2601 ad
688 2558 784 2600 Liv.
817 2563 882 2610 22,
911 2562 976 2599 39.

337 2631 422 2674 Pro
459 2632 591 2675 verbo
634 2647 672 2687 q.
715 2647 749 2675 e.
790 2632 913 2674 clueo
953 2630 1174 2672 Ausonius
1217 2629 1397 2682 ,‚cluo“
1440 2630 1627 2684 scripsit.
1685 2629 1735 2670 ln
1766 2630 1874 2684 prof.

225 2703 357 2747 Burd.
389 2708 454 2756 21,
480 2707 570 2745 28.;

494 2776 724 2831 „Nancisci
753 2781 805 2819 ut
834 2774 1030 2817 cluerent
1056 2772 1258 2828 patribus
1286 2772 1537 2828 ingenuis“;

226 2850 272 2892 in
301 2848 389 2893 lud.
421 2848 473 2892 de
503 2852 612 2905 sept.
643 2862 733 2904 sap.
765 2847 912 2891 Cleob.
944 2851 1005 2888 2.;
1108 2903 1112 2907 Ι

491 2921 681 2978 Magnae
710 2920 786 2967 sed
813 2924 987 2972 auctor,
1018 2933 1105 2974 qua
1134 2918 1253 2970 cluo,
1282 2917 1539 2960 sententiae.

339 2994 464 3038 Addo
495 3008 548 3036 ex
578 2993 703 3049 epist.
736 2997 810 3045 16,
841 2996 927 3035 21.;
976 2991 1111 3045 „Nam
1142 2988 1293 3035 consul
1328 2992 1552 3032 aeternum
1582 2989 1750 3041 cluet“‚
1791 3003 1874 3043 quo
