2056 3235
872 111 1211 149 ..-11.-

202 191 572 276 tioonstructiones
599 217 646 260 in
673 216 834 262 Latino
863 231 1056 261 sermone
1084 216 1327 260 admittere.
1367 215 1430 259 cf.
1460 217 1507 258 in
1535 214 1725 259 Gratiar.
1756 220 1862 259 aot:

170 284 213 320 ji*
232 292 308 343 „ut
335 288 456 347 amat
482 289 576 331 fieri
605 290 720 344 apud
747 289 913 332 Deum“
945 289 1001 336 ὠς
1030 288 1150 342 φιλεῖ
1167 322 1175 330 .
1204 322 1212 330 .
1235 321 1244 330 .
1274 289 1399 331 Hanc
1426 289 1737 344 proprietatem
1765 288 1865 331 ube-

7 348 16 421 L
70 358 71 361 ’
100 347 147 383 's‘
227 361 319 403 rius
339 353 567 404 ‘illustrare
595 360 785 403 alienum
813 364 881 404 est
909 375 937 403 a
964 361 1184 416 proposito
1213 375 1319 403 meo.
1340 358 1384 414 ³²)

338 431 563 475 Hactenus
602 431 653 475 de
690 432 859 476 Ausoni
897 431 999 476 stilo
1038 432 1280 489 generatim
1317 431 1556 488 designato.
1622 430 1719 474 Iam
1752 444 1866 474 nunc

194 498 195 501 ’
229 501 506 545 ostendamus
534 502 616 545 hae
642 503 931 558 proprietates
960 507 1174 557 quatenus
1202 504 1249 544 in
1276 503 1528 565 Ausoniano
1557 503 1866 544 vocabulorum

230 589 333 626 usu,
371 575 418 616 in
454 590 599 618 eorum
628 575 935 618 terminatione
965 578 1009 618 et
1038 574 1327 618 declinatione
1356 578 1400 618 et
1436 567 1593 631 genere
1621 576 1865 617 cernantur.

231 643 449 701 Syntaxin
477 645 647 687 Ausoni
676 646 921 687 examinare
950 646 1122 697 omitto;
1160 660 1259 688 nam
1299 650 1601 700 praeterquam
1639 645 1754 698 quod
1783 659 1865 687 om-

228 716 305 759 nia
331 717 415 760 huc
443 718 686 761 revocanda
714 721 806 761 tam
834 717 1002 761 incerta
1030 717 1346 773 mutabiliaque
1381 721 1506 771 sunt,
1545 720 1597 760 ut
1625 716 1671 759 in
1701 710 1866 760 certum

230 788 421 850 ordinem
448 789 588 845 redigi
617 790 690 831 vix
720 803 771 832 ac
800 803 854 831 ne
882 790 957 832 vix
992 790 1163 846 quidem
1193 794 1354 844 queant
1382 813 1436 820 —
1463 789 1570 830 haec
1600 793 1866 843 quantacun-

231 874 313 915 que
343 862 458 913 sunt,
486 861 604 904 iusto
633 861 756 904 modo
786 861 997 916 persequi,
1025 861 1233 917 longioris
1260 860 1423 903 laboris
1436 864 1618 903 conatus
1635 860 1738 912 fore,
1769 861 1866 915 quis

205 947 313 975 ‘non
342 932 494 975 videt?
550 933 603 974 In
631 933 699 975 his
727 934 865 989 igitur
894 947 1105 988 quasnam
1133 932 1354 982 Ausonius
1388 931 1549 974 habeat
1576 933 1867 987 proprietates

230 1004 436 1059 exemplis
466 1004 869 1048 demonstrabimus.
914 1005 1036 1048 Inter
1066 993 1175 1059 quae
1204 1019 1257 1046 ne
1285 1005 1330 1046 in
1359 1003 1544 1045 materia
1572 1007 1664 1047 tam
1694 1004 1868 1058 copiosa

230 1079 274 1119 et
302 1074 472 1131 prolixa
499 1075 672 1133 longius
702 1090 958 1133 evagemur,
1000 1090 1051 1120 ea
1079 1080 1253 1121 tantum
1285 1076 1330 1122 in
1364 1075 1553 1118 medium
1589 1076 1867 1131 proferemus,

230 1161 340 1201 quae
377 1153 617 1190 memoratu
656 1149 909 1203 dignissima
946 1154 1059 1191 sunt.
1128 1148 1225 1197 Qua
1262 1150 1308 1190 in
1346 1163 1392 1189 re
1426 1149 1464 1190 si
1498 1148 1602 1202 quid
1638 1149 1867 1200 omiserim,

230 1218 349 1261 aliud
387 1218 499 1261 male
537 1219 737 1272 viderim,
787 1220 925 1264 lector
962 1220 1202 1263 consideret
1238 1219 1348 1262 illud
1386 1218 1499 1274 quod
1528 1233 1670 1263 meum
1707 1220 1864 1264 faciam

228 1290 414 1334 Ausoni:

492 1364 620 1407 Alius
649 1365 735 1408 alio
765 1365 891 1420 plura
919 1366 1112 1408 invenire
1141 1369 1302 1421 potest:
1332 1378 1455 1408 nemo
1485 1365 1641 1409 omnia.

752 1431 754 1433 ’
1123 1436 1304 1491 (Auson.
1334 1437 1379 1478 in
1409 1437 1542 1492 praef.
1572 1436 1694 1492 idyll.
1726 1436 1810 1490 11.)

251 1580 290 1624 ἃ)
313 1579 366 1614 Ι)0
390 1590 431 1614 ea
446 1579 584 1615 Ausoni
606 1581 834 1627 proprietate,
858 1591 926 1627 qua
950 1581 986 1615 in
1004 1580 1148 1615 &meeis
1165 1579 1346 1615 vocabulis
1369 1591 1411 1615 ex
1433 1591 1531 1615 more
1554 1580 1609 1615 sui
1633 1580 1764 1615 saeculi
1787 1591 1866 1627 poe-

317 1644 443 1684 tarum,
466 1640 601 1684 Sidoni,
624 1640 806 1686 Prudenti,
828 1642 977 1677 aliorum
1001 1653 1070 1676 uon
1095 1640 1328 1687 quantitatem
1351 1640 1579 1688 syllabarum,
1601 1639 1663 1676 sed
1684 1644 1867 1677 accentum

318 1704 494 1741 spectaret
515 1704 620 1747 atque
642 1701 741 1736 illam
764 1702 832 1737 hoe
854 1705 992 1737 tantum
1015 1702 1216 1745 metiretur,
1241 1701 1472 1737 conferendus
1495 1705 1549 1736 est
1570 1701 1703 1736 Theob.
1726 1702 1867 1737 Rhaese

318 1762 355 1796 in
380 1773 504 1797 comm.
528 1760 570 1797 de
593 1773 630 1797 re
652 1762 799 1798 metrica
821 1762 958 1798 Ausoni
981 1775 1015 1810 p.
1038 1762 1081 1797 16
1097 1773 1150 1809 sq.
1194 1761 1375 1810 Exemplis
1399 1773 1439 1798 eo
1460 1762 1538 1798 loco
1562 1761 1681 1798 allatis
1704 1761 1867 1809 equidem

318 1821 473 1868 adiungo
496 1834 539 1857 ex
561 1823 664 1870 epist.
689 1823 747 1867 18,
772 1823 814 1857 19
837 1824 941 1859 telios
964 1822 1082 1858 media
1103 1822 1242 1870 syllaba
1274 1827 1453 1869 correpta,
1492 1834 1702 1871 quamquam
1734 1823 1867 1859 Graece

319 1887 442 1923 τέλειος
466 1883 606 1920 dicitur.
651 1884 695 1921 In
718 1883 820 1932 idyll.
844 1885 896 1930 11,
919 1884 962 1920 32
985 1884 1116 1930 legitur
1138 1884 1332 1929 Cithssron,
1357 1884 1458 1931 quasi
1482 1884 1615 1920 Graece
1639 1887 1793 1930 Κιθεριόν
1816 1895 1867 1919 es—

317 1950 390 1990 set,
413 1958 484 1981 non
508 1950 688 1991 Κιθαιρών.
734 1946 789 1982 Ex
815 1946 973 1995 epitaph.
997 1946 1141 1981 heroum
1165 1947 1205 1990 1,
1229 1947 1268 1982 4:
1302 1946 1587 1993 clytgmnestra,
1627 1947 1759 1983 Graece
1785 1950 1866 1981 Κλυ-

317 2013 526 2052 ταίμι·ηστρα.
572 2008 617 2044 111
641 2019 709 2054 qua
731 2018 816 2043 voce
841 2001 935 2053 quod
958 2008 1105 2054 corripit
1120 2007 1299 2042 Ausonius
1316 2007 1466 2042 mediam
1482 2008 1657 2055 syllabam
1680 2009 1771 2043 mihi
1793 2020 1865 2043 non

316 2074 388 2105 tam
412 2070 539 2104 mirum
563 2073 616 2104 est
638 2069 683 2104 ob
706 2070 819 2115 ipsam
842 2068 1017 2114 syllabam
1041 2073 1167 2104 natura
1190 2070 1334 2114 longam
1357 2074 1570 2115 correptam,
1594 2080 1699 2115 quam
1721 2073 1867 2117 propter

317 2130 513 2176 neglectam
536 2130 768 2178 positionem,
802 2140 905 2176 quam
930 2128 1018 2164 duae
1040 2129 1164 2164 literae
1186 2128 1341 2175 liquidae
1365 2141 1424 2164 mn
1447 2129 1621 2166 efficiunt.
1657 2128 1726 2165 Sed
1748 2134 1868 2165 monet

316 2191 387 2226 iam
410 2190 590 2236 Scaliger,
631 2191 728 2226 cuius
758 2191 918 2225 conferas
952 2190 1059 2225 velim
1095 2181 1215 2225 annot.
1245 2189 1290 2225 ad
1325 2191 1419 2226 hunc
1446 2191 1471 2226 1.
1494 2194 1530 2226 et
1552 2190 1598 2226 ad
1616 2190 1722 2238 idyll.
1747 2192 1799 2235 11,
1821 2191 1866 2226 32

317 2250 418 2295 (edit.
452 2251 580 2295 Tolli),
617 2252 655 2286 in
687 2251 864 2286 veteribus
904 2250 1116 2286 membranis
1151 2251 1260 2286 fuisse
1299 2251 1577 2296 „Clitemestra“.
1645 2250 1735 2287 Inde
1774 2251 1864 2286 mihi

317 2323 453 2357 quoque
483 2312 558 2346 veri
591 2312 809 2346 simillimum
844 2315 914 2354 est,
952 2312 1149 2347 Ausonium
1180 2312 1251 2355 „n“
1285 2312 1390 2347 litera
1421 2312 1552 2347 reiecta
1585 2311 1864 2358 „Clytemestra“

315 2368 497 2420 scripsisse
563 2371 697 2408 Eodem
719 2372 821 2408 modo
844 2372 986 2408 Servius
1009 2373 1047 2407 in
1070 2384 1193 2408 comm.
1216 2371 1261 2408 ad
1284 2372 1392 2418 Verg.
1415 2371 1504 2407 Aen.
1529 2372 1586 2416 10,
1617 2371 1684 2407 479
1706 2372 1866 2419 „Hyper—

316 2433 467 2469 mestra“
491 2445 554 2485 pro
579 2434 905 2481 „Hypermnestra“
937 2439 972 2470 et
995 2434 1131 2481 Hygin.
1154 2434 1191 2469 in
1214 2434 1286 2470 fab.
1312 2435 1375 2469 109
1398 2433 1666 2481 „Polymestor“
1689 2445 1754 2481 pro
1778 2434 1865 2479 „Po-

315 2494 532 2541 lymnestor“
556 2494 725 2529 exhibent
747 2494 807 2536 (cf.
831 2495 956 2539 Klotz,
980 2495 1003 2531 1.
1028 2506 1056 2530 c.
1080 2506 1107 2530 s.
1132 2495 1168 2530 h.
1192 2495 1277 2538 vv.].
1325 2494 1428 2536 Quod
1450 2495 1482 2530 si
1504 2506 1567 2542 pro
1593 2498 1687 2531 certo
1712 2506 1865 2542 sumpse-

315 2554 446 2599 rimus,
484 2566 556 2589 non
578 2555 650 2589 iam
672 2554 887 2590 offendemus
909 2555 947 2590 iu
971 2558 1132 2602 correpta
1155 2555 1293 2602 syllaba
1314 2555 1423 2600 longa
1446 2554 1728 2603 (ClytEmestra).
1773 2555 1865 2590 Nam

315 2615 403 2651 haec
424 2615 569 2652 licentia
591 2615 751 2650 Ausonio
773 2616 860 2651 satis
883 2615 1071 2651 familiaris
1094 2619 1187 2660 erat3
1210 2614 1342 2662 idquod
1365 2615 1497 2652 Theob.
1522 2615 1662 2652 Rhaese
1685 2619 1709 2651 1.
1728 2626 1757 2651 c.
1773 2627 1807 2663 p.
1823 2615 1866 2651 16

315 2676 690 2731 permultis-exemplis
712 2675 869 2713 ostendit
892 2687 932 2711 ac
955 2676 1209 2722 comprobavit.
1321 2673 1324 2681 '
