2056 3235
359 249 412 292 In
451 248 519 291 his
560 247 737 301 „farris“
777 261 804 290 a
842 251 961 290 recto
1004 247 1119 299 „far“
1160 246 1273 289 male
1311 246 1513 301 congruit
1552 254 1649 289 cum
1686 220 1890 310 opimas,
1955 270 1963 288 ,ψ
1976 257 1994 310 3.

234 336 335 365 nam
374 322 442 364 far
480 319 596 376 apud
632 319 816 363 Latinos
857 334 955 362 non.
982 319 1067 362 alio
1107 319 1193 362 nisi
1230 332 1386 376 genere
1423 321 1578 361 neutro
1616 317 1781 373 dictum
1809 322 1903 366 est
1946 349 1956 358 .
1976 317 2006 364 ’f'
2025 320 2034 330 ²

234 392 308 448 (cf.
323 392 459 445 Neue,
487 392 522 433 Ι.
540 394 632 433 649.
643 405 683 446 p.
699 390 825 445 685.).
871 390 1187 433 Censeamusne
1216 391 1353 447 igitur
1380 389 1624 432 Ausonium
1652 391 1720 432 far
1746 390 1876 432 inusi-
1913 417 1916 419 >
1952 396 1968 417 ’ἒ
2037 398 2047 454 ’ἢ

234 469 331 509 sato
370 477 525 521 genere
561 462 769 506 feminino
799 461 1062 518 usurpasse?
1101 486 1155 492 —
1191 462 1341 506 Monet
1369 459 1491 504 Elias
1519 459 1707 504 Vinetus
1733 461 1780 504 in
1808 466 1877 504 ve-

234 537 319 578 teri
357 535 569 592 glossario
599 534 779 589 reperiri
817 535 979 576 farris
1018 535 1063 575 in
1091 539 1209 576 recto
1240 547 1365 585 casu,
1403 533 1517 587 quod
1553 534 1745 587 potuerit
1783 547 1878 576 esse
1960 534 1963 538 ’

233 607 404 664 generis
443 605 654 649 feminini.
720 605 828 649 Inde
867 610 1013 650 servat
1051 605 1239 650 Vinetus
1278 604 1454 660 „farris“
1486 603 1606 648 codd.
1634 604 1878 660 lectionem,

235 692 333 720 cum
362 677 533 721 Tollius
565 677 757 730 „carnis“
788 681 983 732 reponat.
1050 677 1143 733 Ego
1180 691 1348 731 quoque
1384 678 1541 719 faciam
1577 690 1673 718 cum
1701 677 1875 720 Vineto.

232 750 346 792 Nam
375 763 560 805 magnae
589 749 760 792 ratione
788 749 943 792 habita
976 748 1204 801 licentiae,
1245 763 1373 803 quam
1409 748 1630 792 Ausonius
1670 762 1801 803 quum
1829 748 1874 790 in

234 822 358 864 novis
398 820 624 864 vocabulis
661 820 874 877 fingendis
912 824 1006 863 tum
1042 820 1087 861 in
1117 820 1407 863 substantivis
1434 821 1648 863 inusitata
1674 820 1876 863 termina-

234 895 353 937 tione
382 892 650 949 proferendis
679 892 764 935 sibi
794 892 992 951 sumpsit,
1021 907 1107 935 non
1136 892 1224 935 iam
1252 892 1298 934 in
1316 892 1396 950 hoc
1426 906 1548 935 casu
1575 897 1718 936 recto
1751 893 1874 946 „far-

233 966 337 1007 ris“
380 963 607 1007 offendam.
675 963 859 1006 Accedit
899 963 1012 1017 quod
1049 964 1149 1005 huic
1185 968 1382 1006 mutatae
1411 965 1710 1006 terminationi
1738 978 1874 1005 exem-

233 1037 351 1091 plum
382 1049 558 1091 prorsus
588 1035 728 1077 simile
757 1035 979 1077 Ausonius
1009 1034 1124 1089 apud
1152 1034 1344 1076 Plinium
1372 1036 1552 1078 invenit.
1609 1035 1662 1077 In
1689 1035 1802 1077 Plin.
1831 1036 1872 1078 h.

233 1123 271 1150 n.
302 1112 375 1160 12,
406 1112 469 1149 12.
502 1111 567 1148 26.
608 1107 746 1149 forma
785 1106 1024 1148 baccaris
1067 1121 1143 1161 pro
1176 1106 1381 1159 ‚,baccar“
1413 1107 1645 1150 invenitur.
1703 1106 1874 1156 Similia

233 1179 432 1234 exempla
472 1184 575 1221 sunt
604 1178 830 1221 turturis
860 1182 911 1213 =
943 1181 1092 1220 turtur
1120 1192 1187 1232 ap.
1218 1177 1381 1220 Auson.
1412 1178 1534 1234 idyll.
1567 1183 1628 1221 13.
1657 1193 1743 1234 pr.;
1783 1180 1872 1222 vul-

232 1252 343 1294 turis
373 1267 426 1288 =
456 1250 607 1294 vultur
635 1249 750 1305 apud
778 1249 967 1292 Ennium
998 1249 1071 1304 (cf.
1101 1250 1235 1302 Neue,
1263 1250 1297 1292 Ι.
1330 1265 1370 1305 p.
1404 1250 1532 1304 163.);
1562 1250 1709 1294 lintris
1730 1251 1872 1293 :lin-

232 1327 301 1364 ter
328 1323 374 1364 in
404 1320 549 1364 Sidon.
581 1334 709 1363 carm.
741 1325 777 1373 5,
809 1324 901 1362 283.

344 1392 512 1435 Genere
542 1393 757 1436 communi
787 1392 841 1434 ab
872 1393 1067 1435 Ausonio
1097 1393 1142 1434 in
1171 1392 1292 1447 idyll.
1324 1398 1388 1445 11,
1416 1398 1482 1434 40.
1511 1393 1590 1436 leo
1622 1398 1872 1449 usurpatur:

493 1464 579 1507 Illa
608 1464 742 1507 etiam
770 1463 987 1507 thalamos
1015 1478 1092 1519 per
1119 1465 1237 1507 trina
1266 1466 1516 1521 aenigmata
1546 1478 1774 1521 quaerens:

496 1536 582 1585 Qui
610 1536 734 1591 bipes
763 1541 806 1578 et
837 1536 1080 1591 quadrupes
1110 1538 1221 1578 foret
1252 1541 1295 1579 et
1324 1538 1459 1591 tripes
1488 1538 1632 1579 omnia
1661 1538 1790 1591 solus,

496 1607 671 1651 Terruit
701 1608 887 1651 Aoniam
918 1608 1119 1662 volucris,
1146 1608 1227 1660 leo,
1257 1609 1392 1665 virgo,
1421 1609 1630 1652 triformis

443 1674 449 1680 ’
495 1679 675 1734 Sphinx,
703 1679 894 1723 volucris
922 1680 1088 1735 pennis,
1117 1679 1298 1734 pedibus
1327 1681 1431 1733 fera,
1458 1668 1602 1723 'fronte
1631 1681 1789 1736 puella.

340 1750 564 1793 Neminem
593 1751 672 1793 hos
700 1765 851 1792 versus
882 1755 1052 1793 attente
1082 1752 1298 1806 legentem
1335 1753 1476 1807 fugiet
1504 1758 1678 1806 poetam
1705 1753 1871 1795 leonem

232 1824 436 1865 feminam
478 1822 639 1865 dixisse
678 1838 763 1865 non
802 1837 977 1864 marem.
1012 1837 1014 1839 ·
1043 1822 1156 1864 Nam
1196 1837 1327 1877 quum
1368 1821 1534 1877 Sphinx
1573 1823 1618 1878 (a
1656 1825 1872 1879 superiore

231 1899 356 1950 parte
385 1891 529 1950 virgo)
567 1907 674 1935 sexu
716 1898 782 1936 est
811 1894 1038 1946 feminino,
1077 1908 1130 1935 ne
1170 1895 1243 1936 vix
1282 1894 1453 1949 quidem
1491 1909 1586 1937 eam
1624 1896 1669 1937 in
1706 1896 1872 1938 leonem

230 1971 392 2009 marem
431 1966 609 2009 desiisse
649 1967 835 2022 cogitari
873 1971 1030 2021 potest.
1099 1966 1299 2009 Profecto
1328 1968 1551 2010 minimum
1582 1974 1776 2011 veterum
1805 1984 1872 2011 ex-

231 2038 377 2081 cultae
418 2037 664 2093 elegantiae
702 2037 862 2080 iudicio
903 2037 1216 2091 tribueremus,
1254 2039 1291 2080 si
1320 2044 1558 2081 monstrum
1597 2053 1668 2082 eos
1697 2040 1872 2098 finxisse

230 2109 521 2160 crederemus,
561 2109 683 2149 cuius
722 2113 882 2151 natura
920 2122 973 2150 ex
1002 2113 1186 2163 utroque
1225 2123 1327 2151 sexu
1368 2111 1505 2153 mixta
1544 2125 1594 2153 ac
1635 2113 1872 2166 composita

230 2185 357 2224 esset.
423 2180 582 2235 Itaque
611 2180 678 2222 leo
708 2180 736 2221 l.
768 2194 802 2222 c.
833 2181 1053 2236 significat
1083 2180 1251 2223 leonem
1280 2181 1495 2224 feminam.
1555 2181 1698 2232 Quare
1727 2183 1870 2237 miror,

229 2251 343 2307 quod
371 2251 516 2304 Neue,
546 2250 823 2293 doctissimus
852 2252 927 2294 ille
958 2253 1046 2304 vir,
1075 2253 1154 2294 hoc
1183 2253 1277 2295 loco
1308 2255 1474 2296 omisso.
1492 2256 1537 2295 in
1565 2269 1605 2309 p.
1637 2260 1733 2296 641:
1770 2256 1874 2309 Leo,

227 2324 394 2379 inquit,
432 2334 516 2366 mar
557 2321 791 2366 Commune
830 2322 921 2376 uad)
952 2322 1071 2366 Serv.
1114 2323 1169 2366 ad
1197 2324 1318 2381 Virg.
1350 2324 1425 2368 Ge.
1456 2331 1502 2379 3,
1534 2330 1624 2368 245.
1665 2328 1746 2371 nub
1779 2327 1871 2382 uad)

226 2394 362 2438 Prisc.
393 2398 430 2448 5,
460 2399 498 2437 8.
528 2399 593 2437 42.
624 2409 664 2451 p.
697 2398 788 2437 658.
824 2394 905 2439 211ss
935 2395 1256 2438 Femininum
1286 2395 1432 2442 {ennea
1460 2399 1536 2442 mit
1563 2403 1609 2442 εἰ,
1636 2399 1748 2454 ηἰώῐ,
1776 2400 1872 2445 niels

229 2467 340 2521 Ietcbt
368 2466 463 2511 abet
491 2467 630 2512 tonate
658 2465 824 2519 biefelbe
844 2467 966 2521 ῧοτπι
995 2466 1101 2511 beibe
1131 2467 1343 2521 natiitlicbe
1367 2469 1623 2523 &eidnecbtet
1641 2471 1871 2525 bezeichnen.
1942 2506 1945 2508 -
1968 2502 1973 2506 -

229 2538 292 2582 cf.
322 2538 426 2581 ibid.
456 2553 496 2595 p.
528 2543 620 2581 644.

335 2610 559 2653 Mosella
597 2610 652 2653 ab
693 2611 889 2653 Ausonio
930 2616 974 2653 et
1004 2612 1241 2655 masculino
1272 2618 1316 2655 et
1345 2614 1548 2656 feminino
1585 2629 1740 2670 genere
1770 2616 1870 2659 dici-

227 2686 318 2733 tur;
349 2683 402 2724 of.
432 2679 554 2737 idyll.
587 2686 652 2735 10,
681 2687 773 2725 350.
805 2687 897 2725 381.
929 2683 984 2726 al.
1015 2683 1043 2724 1.
1075 2688 1118 2725 et
1147 2683 1249 2726 ibid.
1283 2689 1345 2738 73,
1378 2690 1467 2728 148.
1497 2691 1590 2729 374.
1621 2688 1676 2730 al.
1707 2688 1735 2730 1.

338 2752 539 2809 Vulgus
577 2754 692 2808 apud
730 2755 973 2797 Ausonium
1017 2755 1059 2794 in
1106 2756 1230 2809 epist.
1275 2761 1321 2808 9,
1362 2762 1427 2797 45.
1476 2760 1705 2800 masculini
1746 2775 1869 2816 gene-

90 2823 93 2825 ’
153 2849 156 2855 -
224 2824 284 2866 ris
314 2829 393 2867 est.

337 2894 512 2950 Secus,
541 2911 693 2939 nomen
725 2897 896 2954 generis
925 2898 1091 2951 neutri,
1123 2898 1234 2953 quod
1264 2914 1339 2955 per
1368 2914 1514 2943 omnes
1544 2915 1669 2945 casus
1698 2903 1871 2958 integra

228 2967 367 3009 forma
406 2962 672 3021 declinatur,
712 2969 828 3023 apud
869 2969 1112 3012 Ausonium
1148 2975 1216 3013 ter
1243 2971 1423 3026 legitur;
1463 2974 1537 3016 sed
1568 2974 1735 3017 duobus
1763 2975 1871 3018 locis
