2056 3235
176 69 191 90 ,¹²³
209 70 261 87 .....

863 138 919 148 -.
974 112 1137 159 23⁷...

220 245 236 252 *
256 223 286 228 Μ
310 230 616 286 inaspicuas
645 229 772 285 epist.
802 232 868 281 23,
898 231 962 269 22.

312 303 632 346 inconnexus
659 300 783 358 idyll.
814 305 878 344 12.
908 300 1079 344 inconn.

311 374 621 418 intremulus
650 373 841 429 epitaph.
873 377 939 426 34,
966 377 1005 413 4.

310 446 642 489 mellifluens
672 445 797 500 epist.
830 448 895 497 16,
925 448 989 486 14.

311 517 660 562 oblectabilis
689 517 814 573 epist.
844 520 894 558 19
924 520 1032 560 extr.

311 577 615 633 sedecen-nis
644 588 835 644 epitaph.
865 593 917 630 32
946 589 1052 630 insc.

311 662 557 716 teriugus
587 660 712 716 epist.
742 664 781 712 8,
811 665 875 701 11.
906 658 1037 714 (alias
1064 659 1267 717 triiugus,
1295 658 1430 711 Neue,
1459 657 1517 700 ΙΙ.
1550 657 1634 712 70.)

311 730 713 777 transmeabilis
743 729 867 774 Grat.
899 736 983 774 act.
1014 731 1051 782 ξ.
1085 734 1147 773 79.
1178 729 1347 785 (Such.)

311 804 609 849 triffissilis
640 805 764 859 epist.
797 808 861 857 28,
893 808 928 845 7.

288 894 356 937 Ex
395 893 625 937 adiectivis
662 892 913 948 compositis
951 892 996 933 in
1029 891 1124 944 ‚,or“
1158 891 1456 934 desinentibus
1494 891 1600 934 haec
1630 905 1705 946 pro
1735 891 1822 935 Au·

180 967 371 1010 sonianis
398 965 597 1008 habenda
625 959 749 1008 sunt:

312 1037 595 1082 artricolor
622 1037 667 1079 in
698 1036 823 1092 epist.
856 1040 891 1088 7,
921 1040 985 1077 52.

312 1110 530 1152 iricolor
558 1109 683 1164 epist.
714 1113 751 1161 3,
783 1112 846 1149 15.

312 1181 592 1225 lacticolor
621 1182 746 1236 epist.
779 1184 815 1233 7,
845 1184 909 1221 54.

289 1269 341 1312 In
374 1269 497 1325 „pes“
530 1269 752 1312 desinunt:

312 1342 529 1396 fissipes
557 1341 603 1382 in
634 1340 759 1394 epist.
790 1343 827 1392 5,
857 1344 894 1380 3.

309 1413 544 1468 lentipes
574 1412 699 1467 epist.
731 1416 795 1464 21,
823 1416 863 1453 4.

310 1486 530 1540 remipes
561 1484 686 1539 epist.
716 1488 754 1536 3,
786 1488 836 1526 13
864 1481 967 1526 ibid.
999 1487 1037 1536 5,
1067 1487 1119 1525 34
1149 1481 1254 1537 (32).

311 1557 617 1612 volucripes
648 1557 773 1612 epist.
804 1560 842 1608 9,
874 1560 936 1598 16.
967 1555 1134 1610 (Sidon.
1164 1569 1229 1611 ep.
1261 1558 1299 1607 9,
1332 1554 1415 1608 15.)

289 1646 524 1689 Adiectiva
552 1646 598 1687 in
631 1645 743 1698 „fe1·“
777 1650 821 1688 et
853 1645 978 1700 „ger“
1011 1645 1246 1689 terminata
1274 1644 1381 1687 haec
1411 1648 1532 1688 sunt:

312 1717 546 1781 falciger
574 1717 708 1773 eclog.
739 1716 791 1759 de
820 1716 896 1759 fer.
926 1715 1048 1778 Rom.
1077 1720 1142 1757 36.

312 1772 558 1828 flagrifer
586 1773 710 1827 epist.
742 1776 807 1825 14,
838 1775 901 1813 10.

312 1844 527 1888 fletifer
554 1844 675 1900 idyll.
705 1849 743 1898 6,
773 1848 836 1886 74.

311 1916 635 1971 tricorniger
662 1916 784 1971 idyu.
818 1920 882 1957 12.
912 1913 964 1957 de
992 1914 1107 1957 liter.
1138 1928 1299 1957 monos.
1330 1914 1404 1956 Gr.
1435 1928 1486 1956 ac
1517 1913 1614 1959 Lat.
1648 1917 1711 1957 27.

292 2001 387 2046 Duo
418 2008 579 2046 exeunt
606 2004 653 2045 in
683 2003 780 2058 syll.
809 2003 933 2046 ficus:

312 2073 588 2116 modificus
615 2075 662 2116 in
690 2078 857 2129 patent.
888 2078 953 2126 27,
983 2078 1020 2114 2.

311 2145 592 2201 pultificus
620 2146 743 2202 idyll.
776 2151 838 2188 12.
870 2146 921 2188 de
951 2146 1061 2188 cibis
1091 2148 1128 2186 5.

289 2231 387 2275 Duo
427 2233 611 2288 denique
653 2234 870 2276 adiectiva
899 2233 1139 2289 composita
1167 2232 1272 2274 mihi
1308 2233 1679 2276 commemoranda
1707 2238 1825 2287 sunt,

181 2316 292 2361 quae
320 2304 436 2348 inter
464 2319 611 2348 omnes
639 2319 766 2349 voces
790 2304 1133 2351 Ausonianaset
1150 2309 1392 2349 memoratu
1412 2304 1669 2362 dignissima
1689 2310 1734 2349 et
1762 2305 1823 2348 in·

167 2377 361 2421 tellectu
390 2376 647 2420 difficillima
675 2381 797 2420 sunt:
1448 2388 1451 2391 ·

311 2452 558 2504 tergenus
588 2453 633 2491 et
663 2450 1079 2505 quinquegenus,
1109 2449 1329 2492 adiectiva
1358 2448 1700 2498 indeclinabilia.
1757 2448 1821 2492 cf.

442 2518 625 2564 Forcelal.
640 2554 650 2572 ,
688 2520 766 2563 sed
795 2520 999 2565 Klotzius
1037 2520 1148 2564 falso
1191 2521 1520 2578 quinquegenus
1557 2520 1824 2565 adiectivum

442 2592 577 2635 trium
603 2606 810 2647 generum
831 2592 1053 2649 designat.

288 2678 449 2723 Mirum
491 2685 606 2724 certe
636 2695 774 2737 genus
804 2681 996 2734 dicendi,
1036 2693 1134 2724 cum
1172 2681 1393 2725 Ausonius
1423 2681 1469 2724 in
1497 2680 1620 2737 idyll.
1653 2687 1725 2735 11,
1754 2686 1821 2725 43.

179 2749 241 2795 sic
267 2751 480 2807 loquitur:

160 2866 163 2868 ,
446 2825 671 2879 „Humana
704 2825 895 2869 efficiunt
924 2824 1179 2869 habitacula
1209 2832 1458 2882 tergenus
1488 2826 1643 2869 artes.“

179 2904 223 2942 et
251 2896 354 2942 ibid.
383 2903 454 2941 49:

445 2970 741 3027 „Tei-genus
770 2972 1045 3028 omnigenum
1075 2972 1261 3028 genitor,
1290 2972 1494 3027 genitriX,
1524 2974 1817 3028 generatimst

1426 3047 1451 3085 2
1468 3042 1492 3067 ἃ
