2056 3235
878 207 934 215 -
991 169 1151 227 25-

277 311 280 313 ·
304 297 370 352 Π)
407 298 502 341 Iam
531 313 583 340 ea
612 296 830 341 adie‘ctiva
857 296 1105 348 referimus,
1135 310 1245 350 quae
1273 294 1496 338 Ausonius
1524 293 1595 335 vel
1624 307 1737 336 nova
1765 291 1836 334 vel

0 357 7 376 ³
29 367 52 404 ’ἒ
124 362 134 378 ²
193 382 346 426 parum
375 373 502 413 sueta
530 368 837 412 terminatione
865 366 1061 422 protulit.

327 439 564 483 Celebris
593 441 731 482 forma
758 453 900 494 gener.
931 452 1061 480 masc.
1090 439 1135 480 in
1165 440 1271 493 prof.
1303 442 1367 490 21,
1398 440 1461 479 10.

455 510 615 555 Urbice
644 509 791 553 Graiis
820 509 1012 552 celebris.

325 582 544 625 dedecor
573 597 624 618 =
655 581 888 624 dedecorus
915 582 961 623 in
991 582 1116 636 epist.
1148 585 1186 634 9,
1216 585 1251 622 5.

387 688 390 693 .
458 652 639 695 dedecor
667 652 781 709 alga.
1173 645 1177 650 ⁸

325 725 568 781 gnaruris
598 722 843 778 (γνώριμος)
874 741 924 760 :2
954 738 1116 778 gnarus
1145 726 1188 766 in
1220 726 1345 779 epist.
1382 731 1446 776 22,
1476 729 1517 765 9:

455 794 594 838 Simul
634 809 843 851 gnarures
882 810 958 838 vos
996 795 1094 838 volo
1135 810 1227 838 esse
1264 796 1376 838 hanc
1409 808 1499 837 rem
1537 809 1702 837 mecum

720 865 936 923 (Scaliger
966 867 1148 922 emend.)

326 939 589 994 irrequies
619 954 671 973 =
701 938 975 993 inrequietus,
1005 939 1049 980 in
1080 939 1243 994 ephem.
1274 953 1331 980 or.
1366 943 1435 978 16:

453 1010 572 1052 Deus
601 1011 832 1065 irrequies,
861 1024 985 1065 porro
1015 1010 1059 1052 in
1089 1009 1211 1066 idyll.
1245 1014 1307 1052 12.
1339 1009 1389 1051 de
1419 1009 1622 1052 membris
1652 1012 1700 1060 5,
1729 1007 1833 1050 ibid.

716 1082 885 1124 inconn.
919 1086 981 1123 11.

324 1154 545 1210 opulens
576 1170 627 1188 Ξ
659 1153 890 1208 opulentus
918 1154 963 1195 in
991 1153 1114 1207 idyll.
1145 1157 1182 1204 2,
1213 1157 1271 1203 7.;
1312 1153 1356 1194 in
1387 1152 1494 1206 prof.
1524 1151 1654 1194 Burd.
1688 1155 1763 1202 19,
1792 1154 1830 1191 5.

452 1225 632 1280 opulens
662 1228 873 1267 senectus.

321 1297 541 1353 triiugis
570 1313 622 1332 =
653 1297 842 1352 triiugus
871 1296 916 1338 in
947 1296 1071 1351 epist.
1104 1302 1141 1348 8,
1172 1301 1206 1337 6.
1237 1296 1342 1338 cisio
1372 1295 1537 1351 triiugi.

299 1368 397 1411 Huc
445 1367 629 1422 denique
675 1366 908 1409 nonnullas
954 1367 1113 1409 formas
1159 1366 1471 1409 adiectivorum
1518 1366 1831 1409 defectivorum

189 1455 355 1483 revoco.

300 1510 426 1555 Sons
464 1511 760 1555 nominativus
799 1524 924 1553 casus
963 1509 1079 1565 apud
1118 1507 1361 1553 Ausonium
1400 1508 1538 1552 solum
1578 1513 1726 1553 exstat
1755 1508 1828 1564 (ef.

188 1584 323 1636 Neue,
351 1584 409 1625 II.
442 1598 483 1637 p.
514 1583 600 1636 64.)
629 1583 675 1623 in
703 1582 826 1637 idyll.
859 1588 921 1623 12.
953 1581 1305 1625 Grammaticom.
1338 1586 1405 1623 15:

452 1652 499 1697 Si
527 1653 667 1697 bonus
697 1658 763 1696 est
791 1653 939 1696 insons
968 1654 1210 1697 contra-rius
1239 1657 1284 1696 et
1313 1667 1411 1695 reus
1441 1658 1509 1696 est
1536 1667 1648 1697 sons.

298 1725 436 1769 Aliud
463 1725 724 1769 vocabulum
754 1725 1018 1768 defectivum
1048 1730 1115 1767 est
1142 1724 1264 1777 illud,
1296 1725 1411 1779 quod
1437 1724 1601 1781 legitur
1629 1726 1674 1767 in
1705 1725 1828 1781 idyll.

189 1803 253 1851 112,
282 1803 345 1840 23.
378 1812 616 1853 „congrege
645 1803 714 1840 ter
741 1797 902 1847 trino“;
933 1798 1059 1852 epist.
1092 1802 1163 1850 10,
1193 1803 1258 1839 21.
1291 1811 1530 1854 „congrege
1566 1797 1750 1853 vulgo“;
1783 1798 1829 1841 in

183 1870 369 1925 perioch.
398 1873 463 1912 24.
502 1868 579 1912 Od.
622 1882 901 1925 „congregem
936 1868 1235 1912 densitatem.“
1306 1868 1379 1922 (cf.
1409 1868 1552 1921 Neue,
1581 1869 1640 1912 11.
1671 1883 1710 1925 p.
1742 1867 1828 1924 65.)

186 1941 323 1983 Casus
360 1946 506 1984 rectus
544 1942 672 1982 huius
694 1942 829 1982 'vocis
868 1955 953 1982 uno
990 1945 1164 1982 tantum
1203 1941 1296 1983 loco
1334 1942 1377 1981 in
1408 1941 1539 1996 gloss.
1568 1941 1737 1983 Philox.
1766 1956 1828 1983 re-

184 2013 361 2068 peritur.
430 2009 683 2056 Contrariae
712 2011 1046 2069 significationis
1083 2026 1167 2054 vox
1204 2025 1355 2069 segrex
1396 2016 1484 2064 est,
1527 2010 1645 2065 (Sen.
1685 2012 1827 2055 benef.

185 2075 234 2135 4,
277 2089 351 2135 18,
397 2089 432 2124 2.
478 2084 718 2140 segregem)
758 2099 832 2137 pro
875 2098 958 2138 qua
1012 2083 1233 2126 Ausonius
1284 2086 1463 2126 formam
1512 2086 1826 2141 ‚,segregus“

184 2155 309 2207 fecit3
339 2155 383 2198 in
412 2160 579 2210 parent.
612 2160 649 2208 8,
681 2161 749 2197 10:

446 2228 546 2282 Ipse
575 2232 652 2271 tuo
682 2228 833 2270 vivens
862 2240 1068 2282 segregus
1097 2227 1291 2270 arbitrio.

952 2450 990 2501 ξ.
1021 2454 1058 2492 2.

537 2559 603 2612 De
637 2557 954 2612 declinatione
987 2560 1198 2613 nominis
1233 2560 1475 2614 adiectivi.

293 2670 487 2714 Primum
516 2670 567 2713 de
598 2671 826 2714 adiectivis
855 2671 1126 2725 disseramus,
1157 2687 1267 2727 quae
1287 2677 1390 2715 sunt
1418 2687 1530 2716 unus
1559 2673 1677 2716 solus
1704 2680 1827 2718 totus

135 2764 140 2775 κ
183 2741 300 2784 ullus
350 2743 543 2798 reliqua,
601 2757 781 2798 quorum
828 2744 1080 2800 genetivum
1128 2745 1245 2799 apud
1297 2745 1483 2800 optimos
1532 2745 1826 2790 Romanorum

184 2813 416 2868 scriptores
445 2816 490 2856 in
518 2817 599 2868 ius,
628 2816 825 2858 dativum
854 2816 900 2857 in
928 2817 942 2856 i
972 2817 1195 2858 terminari
1216 2817 1374 2858 scimus
1399 2816 1472 2870 (cf.
1484 2817 1620 2860 Prisc.
1634 2824 1672 2870 6,
1688 2823 1773 2870 l,3.
1785 2823 1824 2861 4.

184 2888 222 2927 5.
261 2899 302 2941 p.
342 2890 434 2928 677.
476 2887 589 2942 678.)
627 2887 849 2931 Ausonius
886 2888 1000 2930 hunc
1038 2902 1199 2931 moreni
1236 2888 1488 2944 plerumque
1526 2893 1702 2933 secutus
1744 2895 1826 2934 est.

184 2956 269 3011 Sed
307 2961 495 3012 quatuor
535 2959 763 3002 observavi
805 2960 920 3014 apud
962 2973 1061 3002 eum
1105 2960 1325 3015 exempla,
1373 2961 1419 3003 in
1461 2961 1619 3015 quibus
1657 2975 1727 3004 res
1765 2976 1827 3004 se-

183 3042 260 3073 cus
289 3032 368 3073 est.
