2056 3235
101 322 115 332 ²<
136 318 139 319 ’
205 302 384 352 'moi-ari.

145 235 167 282 i,
182 221 364 301 ‘fionius
384 226 389 249 ³
419 235 464 278 in
521 247 614 277 usu.
656 233 963 278 vocabulorum
1011 234 1125 275 mere
1172 224 1428 276 Latinorum
1484 230 1618 274 habet
1636 264 1647 283 ,
1719 230 1852 274 liceat

301 364 551 422 'Ausonius
590 383 682 423 tam
721 392 848 434 saepe
881 379 927 420 in
955 377 1114 420 Latino
1154 391 1346 420 sermone
1376 375 1541 419 Graece
1574 376 1748 419 locutus
1775 379 1854 429 est,

205 454 266 502 ,ut
294 450 389 493 eius
416 451 555 494 oratio
585 450 752 493 Graeco
783 450 922 493 colore
952 454 1162 504 tanquam
1190 450 1339 492 fucata
1367 449 1437 491 sit.

322 520 429 563 Plus
457 525 676 564 trecentas
704 534 831 563 voces
861 521 1048 576 ingenue
1078 519 1268 563 Graecas
1306 521 1351 562 in
1381 520 1644 562 carminibus
1673 521 1764 562 suis
1793 520 1851 562 di-

213 593 385 648 spersit.
451 592 688 636 Permultis
726 591 878 634 deinde
917 592 1096 635 vocibus
1126 606 1148 633 e
1179 591 1344 634 Graeco
1383 593 1502 635 fonte
1540 591 1710 635 haustis
1748 606 1852 634 usus

215 667 304 714 est3
344 677 483 717 neque
512 664 566 705 iis
595 668 790 714 tantum,
822 663 978 717 quibus
1007 678 1083 717 per
1110 664 1378 717 frequentem
1405 663 1698 706 Romanorum
1726 678 1851 706 usum

212 734 299 777 iam
330 735 510 788 civitas,
549 740 599 777 ut
627 735 693 777 ita
722 734 886 787 dicam,
915 734 1020 778 data
1049 738 1142 777 erat
1171 757 1225 764 -
1252 749 1390 789 neque
1419 734 1473 778 ob
1504 748 1598 777 eam
1626 748 1717 776 rem
1745 734 1850 777 mihi

211 806 525 862 vituperandus
555 810 854 849 est—verum
884 807 1016 850 etiam
1045 821 1159 848 nova
1186 806 1400 849 voeabula
1429 820 1452 847 e
1481 805 1648 849 Graeco
1678 811 1851 861 sumpta

213 892 349 932 eaque
386 894 472 921 non
513 892 665 933 „parce
702 878 897 921 detorta“
937 879 982 920 in
1011 878 1170 921 Latino
1200 892 1393 920 sermone
1423 878 1663 933 usurpavit.
1721 878 1850 921 Haud

212 949 267 992 ab
296 964 343 992 re
372 950 494 1003 duco,
524 965 598 992 eas
626 963 765 1002 voees,
796 964 904 1004 quas
927 949 1149 992 Ausonius
1180 963 1202 991 e
1225 948 1390 992 Graeco
1422 953 1588 992 sumtas
1617 950 1781 1005 primus
1803 949 1846 1004 ³³)

210 1022 325 1063 inter
353 1023 584 1077 scriptores
613 1022 785 1063 infimae
813 1022 962 1065 Latini
992 1022 1198 1063 sermonis
1229 1022 1390 1063 aetatis
1420 1021 1617 1073 admisit,
1654 1022 1725 1064 hic
1752 1021 1846 1065 lite-
1912 1047 1917 1053 ·

209 1106 355 1134 rarum
384 1092 532 1135 ordine
560 1093 730 1134 referre.

471 1163 649 1216 Amen,
679 1163 816 1220 (ἐμήν,
847 1166 891 1207 in
922 1165 1084 1220 ephem.
1116 1169 1223 1208 orat.
1255 1169 1319 1207 85.

471 1236 831 1289 antibacchus,
861 1237 894 1289 i,
923 1234 1191 1288 ἄντίβακχος,
1221 1237 1266 1278 in
1297 1237 1421 1292 epist.
1453 1242 1497 1290 4,
1527 1241 1591 1279 93.

471 1303 530 1362 ap
539 1308 706 1350 alaria
729 1307 798 1362 aW‘)
834 1309 905 1350 vel
945 1308 1141 1362 applaria
1177 1307 1430 1350 derivantur
1459 1308 1513 1350 ab
1544 1308 1699 1350 adieet.
1729 1309 1845 1347 ἀπα-

601 1377 696 1430 λός,
727 1377 799 1433 (cf.
829 1376 1086 1431 ForeeHini,
1113 1379 1142 1420 l.
1173 1393 1207 1420 e.
1237 1394 1270 1420 s.
1299 1378 1339 1420 h.
1369 1378 1429 1433 v.)
1459 1379 1505 1420 in
1534 1379 1659 1433 epist.
1690 1383 1753 1421 21.
1782 1393 1843 1433 pr.
1871 1368 1876 1372 q

470 1450 686 1494 attubus
725 1450 859 1505 (quod
902 1450 1099 1506 Scaliger
1136 1465 1189 1492 ex
1226 1451 1364 1493 veteri
1401 1450 1610 1507 glossario
1648 1451 1846 1493 restituit

601 1537 677 1577 pro
707 1523 908 1565 mendoso
942 1522 1210 1577 „artubus“),
1237 1518 1417 1574 ἄτυπος,
1446 1523 1492 1565 in
1522 1523 1647 1578 epist.
1677 1527 1741 1575 22,
1772 1526 1809 1564 9.

473 1609 609 1647 cora,
639 1596 757 1650 κόρη,
788 1612 839 1630 =
869 1595 1038 1650 pupilla
1065 1594 1297 1647 oculorum,
1326 1595 1372 1637 in
1402 1595 1527 1650 epist.
1558 1599 1623 1647 16,
1653 1598 1716 1636 60.

474 1667 670 1722 cynice,
701 1680 763 1718 es,
793 1682 845 1702 =
877 1666 900 1722 ἡ
929 1667 1089 1721 κυινική,
1118 1667 1163 1708 in
1193 1667 1326 1723 epigr.
1357 1671 1420 1708 27.

471 1738 676 1793 Cypris,
705 1738 824 1790 idis,
852 1739 896 1780 in
927 1739 1060 1794 epigr.
1092 1742 1157 1791 57,
1189 1743 1224 1780 1.
1253 1738 1358 1780 ibid.
1391 1742 1483 1790 106,
1513 1744 1549 1780 2.

468 1815 671 1865 eystus,
701 1810 736 1862 i,
765 1812 933 1861 κύστος,
964 1810 1010 1851 in
1040 1810 1174 1865 epigr.
1207 1814 1298 1861 123,
1328 1813 1364 1851 5.

468 1881 710 1936 Cythere,
741 1896 810 1933 es,
839 1883 884 1923 in
914 1882 1047 1937 epigr.
1078 1885 1144 1933 39,
1174 1885 1226 1933 5.,
1257 1885 1322 1933 57,
1353 1885 1390 1922 5.

467 1953 700 2009 dyseros,
731 1953 851 2005 otis,
881 1952 1081 2005 δύσερως,
1112 1953 1158 1995 in
1188 1953 1321 2008 epigr.
1352 1957 1417 2005 92,
1449 1958 1483 1994 1.

467 2026 689 2081 elegion,
727 2026 809 2068 vel
847 2026 1064 2081 elegeon
1095 2040 1148 2062 =
1178 2025 1336 2081 elegia,
1377 2026 1422 2067 in
1463 2025 1596 2080 epigr.
1628 2028 1703 2075 94,
1743 2030 1765 2066 2
1796 2029 1841 2067 et

597 2089 764 2152 parent.
796 2102 860 2150 29,
890 2103 926 2139 2.

466 2168 861 2221 embolimaeus,
907 2183 951 2221 a,
991 2182 1068 2210 um
1107 2184 1159 2205 =
1197 2168 1472 2212 intercalaris
1517 2169 1562 2210 in
1605 2168 1740 2224 eclog.
1787 2168 1839 2210 de

595 2245 677 2283 rat.
708 2240 810 2283 dier.
842 2245 905 2282 13.

466 2325 699 2367 emporus
728 2328 781 2348 =
810 2316 1022 2355 mereator
1050 2313 1094 2353 in
1124 2312 1248 2368 epist.
1279 2317 1343 2364 22,
1373 2317 1436 2355 28.

466 2384 755 2438 epitropus,
785 2385 909 2438 epist.
940 2389 1004 2436 22,
1035 2389 1071 2425 2.

464 2454 777 2510 isopleurus,
806 2470 853 2508 a,
882 2470 960 2498 um
989 2471 1042 2492 =
1071 2452 1341 2509 ἰσόπλευρυς,
1371 2456 1492 2512 idyll.
1525 2461 1588 2498 13.
1619 2470 1679 2512 pr.

465 2528 541 2570 iso
553 2542 572 2569 s
582 2541 604 2568 o
615 2527 661 2570 el
671 2542 692 2570 e
703 2543 722 2570 s
731 2561 740 2579 ,
769 2528 938 2580 adieet.,
968 2528 1140 2571 ibidem.

222 2669 261 2713 *)
284 2669 417 2713 voees,
448 2680 535 2717 quas
559 2670 626 2706 hoc
650 2671 725 2706 loco
749 2674 785 2706 et
805 2670 902 2706 infra
925 2682 989 2718 pro
1013 2672 1231 2707 Ausonianis
1256 2670 1436 2707 habendas
1459 2682 1535 2706 esse
1558 2671 1752 2716 contendo,
1776 2683 1836 2708 eae

288 2734 381 2774 sunt,
406 2742 492 2777 quas
515 2735 596 2766 ante
619 2733 815 2767 Ausonium
839 2732 876 2767 in
900 2743 966 2767 usu
989 2744 1061 2767 non
1083 2733 1193 2768 fuisse
1216 2733 1401 2768 verborum
1416 2732 1551 2768 indices
1565 2733 1702 2769 docent.
1731 2734 1838 2780 Equi·

289 2788 368 2825 dem
391 2791 531 2839 inspexi
553 2796 588 2828 et
611 2793 703 2827 inter
726 2804 761 2827 se
785 2793 934 2828 contuli:
981 2792 1109 2838 Aegid.
1134 2794 1326 2829 Foreeuini
1356 2794 1502 2838 „Totius
1525 2794 1732 2830 Latinitatis
1754 2795 1838 2831 lexi-

290 2850 380 2885 con“
404 2854 439 2886 et
462 2852 584 2887 Klotzi
607 2852 957 2897 „Handwfirterbuoh
982 2853 1044 2889 der
1069 2855 1131 2889 lat.
1154 2854 1345 2901 Sprache.“

200 2909 268 2954 ,θ’-Ἀ)
290 2910 454 2946 Klotzius
477 2912 515 2955 (l.
540 2924 568 2950 c.
593 2913 657 2949 sub
682 2924 766 2950 voce
791 2913 1050 2962 „hapaluria“),
1075 2914 1168 2962 apud
1191 2915 1388 2952 Ausonium
1410 2917 1434 2952 l.
1458 2928 1487 2953 o.
1511 2917 1697 2963 hapaluria
1720 2917 1837 2962 legere

285 2970 437 3008 videtur.
963 2984 969 2991 ·
