2056 3235
886 109 1159 154 ...ῃ-,-

173 215 181 245 5
197 220 433 282 ἁόῃὲίξαρ,
450 217 559 266 Ohil.
573 225 611 264 5.
633 220 758 276 abiit,
786 221 911 276 obiit,
939 220 1046 275 abit,
1061 218 1154 275 obit
1171 234 1256 263 uno
1286 219 1518 276 eodemque
1539 219 1634 263 loco
1658 215 1849 263 exhibet.

207 285 344 341 Guius
373 295 545 351 generis
558 298 765 337 sexcenta
783 294 981 349 exempla
1007 293 1216 350 legimus;
1246 293 1406 336 formas
1428 293 1623 348 integras
1650 296 1720 335 ter
1747 305 1849 346 qua-

177 357 187 363 “’
209 372 335 418 terve
375 370 562 409 tantum.
628 364 681 407 In
711 366 836 421 epist.
867 369 916 418 9,
945 369 1011 407 48.
1041 364 1181 416 adivi,
1219 364 1265 405 in
1299 363 1488 419 epitaph.
1519 367 1590 416 32,
1618 367 1657 404 4.
1687 362 1849 413 obivit;

204 439 250 480 in
280 438 382 480 clar.
413 442 437 479 6
452 471 462 490 ,
494 442 557 478 12.
589 437 806 479 transivit.
876 436 1096 492 Simplicis
1125 435 1248 478 verbi
1286 449 1326 490 q.
1357 450 1392 478 e.
1434 450 1484 478 eo
1513 449 1646 477 unam
1673 438 1848 477 tantum

205 509 388 552 formam
417 512 689 552 contractam
718 507 834 563 apud
860 506 1105 551 Ausonium
1131 507 1233 563 legi,
1260 507 1307 549 in
1336 507 1462 562 epist.
1492 510 1529 559 5,
1561 510 1597 548 7.
1626 506 1725 548 isse.

70 631 72 633 ‚
314 580 528 637 Persaepe
565 579 790 623 Ausonius
828 579 1058 622 evitandae
1098 579 1350 635 asperitatis
1379 593 1511 622 causa
1539 578 1713 634 (Quint.
1744 584 1781 631 1,
1811 582 1849 631 5,

20 636 43 736 {7
205 652 293 706 42.)
323 651 555 695 secundam
583 666 812 707 personam
839 665 954 693 num.
984 652 1094 707 sing.
1124 651 1351 694 verborum
1388 652 1660 707 passivorum
1698 656 1743 694 et
1781 650 1848 693 de-

205 724 459 780 ponentium
487 725 677 768 omnium
718 723 1072 780 coniugationum
1103 727 1320 779 excepto
1350 722 1643 766 indicativo
1682 717 1847 778 praes.

131 850 136 856 ⁴
203 796 249 838 in
277 810 323 838 re
351 810 427 850 pro
456 796 517 838 ris
545 796 852 839 terminantem
881 794 1069 838 exhibet.
1100 794 1326 838 Permulta
1354 794 1552 850 exempla
1579 795 1625 837 in
1646 799 1847 850 promptu

206 870 330 920 sunt,
386 881 496 922 quae
533 867 767 911 brevitatis
809 880 940 909 causa
979 866 1119 908 sciens
1156 866 1324 909 omitto.
1406 865 1605 909 Sufficiat
1633 866 1849 909 monuisse

205 928 449 981 Ausonium
476 940 636 982 formas
664 941 709 981 in
739 954 784 981 re
814 943 1022 981 exeuntes
1050 938 1303 993 plerumque
1332 938 1568 993 scripsisse.

317 1008 578 1066 Saepissime
609 1010 792 1065 denique
820 1009 1043 1053 Ausonius
1082 1010 1216 1053 tertia
1244 1023 1429 1066 persona
1456 1009 1568 1066 plur.
1598 1023 1713 1053 num.
1742 1010 1851 1053 indi·

207 1082 343 1125 cativi
371 1084 477 1137 perf.
508 1085 591 1125 act.
621 1083 771 1125 formis
799 1084 845 1124 in
875 1096 944 1125 ere
972 1097 1048 1137 pro
1079 1087 1205 1125 erunt
1233 1082 1494 1126 exeuntibus
1523 1083 1677 1126 utitur.
1722 1081 1849 1132 Quod

207 1168 344 1211 genus
373 1154 570 1210 exempla
599 1155 669 1197 hic
698 1155 859 1197 referre
886 1154 1065 1211 longum
1095 1159 1173 1197 est.
1230 1154 1328 1198 Non
1348 1154 1502 1197 omitto
1532 1168 1596 1207 ea,
1626 1168 1737 1210 quae
1765 1169 1849 1197 me·

207 1231 379 1270 moratu
407 1226 663 1283 dignissima
691 1231 815 1279 sunt,
853 1226 1109 1281 respondere
1138 1227 1184 1267 in
1213 1226 1337 1281 epist.
1369 1230 1442 1278 25,
1472 1230 1536 1267 26.
1554 1231 1618 1270 ,et
1646 1227 1692 1269 in
1723 1225 1848 1269 Grat.

208 1302 292 1342 act.
325 1302 388 1340 73.
418 1297 586 1353 (Such.)
616 1298 760 1341 videre
789 1297 871 1352 (sic
902 1296 1072 1340 Gellius
1103 1301 1167 1350 10,
1196 1302 1234 1350 3,
1264 1297 1349 1352 17.)
1378 1298 1431 1340 cf.
1462 1297 1597 1349 Neue,
1618 1297 1677 1350 H,
1699 1311 1739 1353 p.
1755 1300 1847 1339 295.

316 1368 542 1413 Hactenus
572 1370 622 1412 de
651 1369 819 1412 Ausoni
848 1368 1189 1425 proprietatibus
1218 1370 1263 1410 in
1292 1383 1373 1411 usu
1402 1369 1643 1412 verborum.

810 1811 894 1865 De
929 1810 1249 1865 adverbiis.

252 1979 255 1981 μ
322 1921 491 1964 Ausoni
519 1920 713 1965 studium
742 1920 909 1976 aliquid
937 1922 1038 1965 novi
1070 1927 1115 1964 et
1128 1921 1336 1977 exquisiti
1347 1921 1394 1964 in
1405 1921 1601 1965 oratione
1616 1920 1852 1966 affectandi

210 2005 295 2034 non
335 2006 489 2047 parum
526 1993 661 2035 habet
700 1994 906 2035 momenti
945 1994 1078 2035 etiam
1118 1993 1172 2034 ad
1212 2007 1339 2035 usum
1383 1993 1698 2037 adverbiorum.
1754 1994 1853 2036 Non

209 2077 350 2118 pauca
380 2063 586 2106 adverbia
615 2064 837 2107 Ausonius
864 2064 1070 2120 protulit,
1101 2078 1211 2119 quae
1240 2064 1350 2108 alias
1378 2079 1464 2108 non
1491 2064 1722 2121 leguntur,
1751 2065 1854 2120 alia,

188 2162 197 2170 -
211 2148 321 2190 quae
351 2135 549 2179 obsoleta
578 2136 649 2179 vel
677 2150 781 2178 usus
808 2136 985 2179 rarioris
1014 2140 1128 2179 sunt.

320 2206 555 2260 Adverbia,
585 2221 697 2262 quae
717 2208 832 2263 apud
844 2207 1089 2250 Ausonium
1108 2211 1284 2250 tantum
1304 2208 1592 2263 reperiuntur,
1609 2208 1716 2250 haec
1729 2213 1850 2251 sunt:

340 2278 686 2335 glomeratius
725 2281 769 2322 in
801 2278 924 2323 Grat.
955 2284 1039 2323 act.
1071 2283 1123 2322 68
1153 2278 1265 2334 (29);
1296 2280 1393 2335 quis
1421 2284 1641 2324 oratorum
1670 2279 1850 2324 densata

472 2351 530 2407 gl.
561 2351 684 2394 dixit.
1071 2348 1074 2350 ’

342 2423 763 2478 improperanter
791 2424 838 2465 in
867 2423 1057 2478 epitaph.
1090 2427 1155 2475 35,
1185 2427 1221 2464 3.

342 2493 604 2536 indefesse
633 2495 678 2536 in
708 2494 832 2538 Grat.
863 2500 947 2537 act.
978 2498 1030 2535 35
1060 2493 1165 2548 (77).

342 2565 551 2608 interne
574 2563 617 2620 ἦε)
654 2580 730 2621 pro
768 2567 889 2609 intus
927 2567 972 2607 in
1003 2565 1105 2608 clar.
1145 2565 1239 2608 urb.
1271 2570 1344 2618 14,
1376 2569 1437 2606 14.
1478 2569 1523 2607 et
1552 2566 1678 2621 epist.
1709 2570 1757 2619 5,
1788 2571 1853 2609 21.

474 2637 536 2680 Cf.
566 2637 700 2689 Neue,
729 2637 786 2679 Π.
817 2653 856 2692 p.
887 2642 980 2680 518.

28 830 49 1180 ἦ

12 2024 30 2138 ¹2

8 2158 27 2620 ἔ

16 2652 30 2780 ζ

203 2779 248 2824 a)
272 2778 376 2815 Libet
397 2779 465 2816 hoc
487 2780 565 2817 loco
588 2783 757 2817 annotare
781 2780 922 2817 interne·
945 2780 991 2817 ab
1014 2781 1174 2817 Ausonio
1197 2780 1323 2818 ultima
1345 2779 1484 2829 syllaba
1507 2783 1669 2829 correpta
1691 2781 1854 2837 profem·-

297 2839 477 2876 Adverbia
500 2841 673 2877 similiter
694 2842 739 2877 ab
762 2842 922 2877 Ausonio
945 2843 1093 2878 licenter
1115 2846 1277 2889 correpta
1299 2846 1383 2878 sunt
1406 2842 1503 2878 haec.

342 2899 384 2937 In
408 2901 520 2948 epigr.
546 2901 622 2947 105,
645 2901 696 2937 5.;

473 2962 564 2998 Nam
587 2966 703 2999 tecum
728 2964 801 2999 fere
824 2967 920 2999 totus
943 2974 1014 3008 ero,
1040 2974 1257 3010 quocumque
1280 2962 1440 3000 recedam
1469 2985 1506 2991 -

1500 3030 1523 3066 3
