2056 3235
795 73 1222 145 '-ss-⁴

226 254 228 256 ,
310 207 449 259 Face
475 229 553 270 pro
582 215 654 258 fac
679 213 903 257 Ausonius
931 213 1108 269 scripsit
1135 213 1182 256 in
1209 203 1345 270 epigr.
1375 217 1442 267 80,
1470 217 1530 255 4.:

465 290 543 340 aut
571 286 757 330 transire
785 285 906 328 iube:
935 285 1007 329 vel
1034 285 1131 328 face
1159 286 1377 340 utrimque
1403 299 1563 341 parem.

210 396 214 399 ,
305 359 423 403 Face
458 359 505 402 in
545 357 743 403 omnibus
782 372 890 414 quas
927 356 1097 414 inspexi
1132 356 1396 401 editionibus
1424 356 1555 412 (Tou.
1585 355 1713 399 Such.
1743 354 1839 410 Bip.

199 429 289 485 aL),
317 430 492 487 legitur.
548 431 620 473 Ad
648 432 776 474 metri
803 432 1017 473 rationem
1048 430 1160 485 quod
1189 430 1366 483 attinet,
1394 433 1582 484 utraque
1608 429 1739 471 lectio
1768 428 1840 470 fac

0 493 72 555 'fi
117 543 125 549 ,.
198 506 243 546 et
272 503 367 545 face
396 503 499 545 ferri
527 506 692 558 potest;
721 516 860 557 neque
890 503 1002 545 enim
1033 502 1271 546 audiendus
1299 506 1367 547 est
1396 501 1633 555 Suchaeus,
1664 501 1738 557 qui
1767 514 1839 543 an—

198 577 346 616 notat:
386 573 505 617 Face
530 574 761 630 legendum
790 588 876 616 non
905 570 992 626 fao,
1021 576 1058 616 si
1085 575 1197 617 velis
1225 582 1426 618 constare
1453 575 1584 617 metri
1610 573 1837 616 rationem.

196 644 283 689 Sed
320 646 416 688 face
455 645 584 689 codd.
621 646 794 688 videtur
831 659 923 688 esse
959 646 1090 690 lectio
1131 651 1176 689 et
1213 646 1326 689 hanc
1354 646 1408 690 ob
1436 660 1528 690 rem
1557 659 1610 688 ea
1636 658 1720 687 non
1750 657 1838 685 mu·

195 717 332 762 tanda
360 723 439 761 est.
496 717 563 759 De
591 718 729 761 forma
756 719 851 760 face
881 718 933 759 cf.
963 718 1097 771 Neue,
1124 718 1183 759 H.
1216 733 1256 772 p.
1287 723 1366 760 336
1395 732 1487 773 sqq.

304 790 602 833 Redimibat
630 805 706 844 pro
735 789 994 832 redimiebat
1021 789 1244 833 Ausonius
1272 790 1448 845 scripsit
1474 789 1523 831 in
1550 788 1685 845 epigr.
1715 791 1781 829 94.

304 861 508 904 Eiusdem
535 860 613 903 IV.
644 862 965 917 coniugationis
993 870 1165 916 tempus
1192 862 1389 903 futurum
1417 859 1551 903 semel
1576 860 1839 902 terminatur

194 935 238 976 in
272 933 417 986 „ib0“;
447 935 493 975 in
522 934 647 988 epist.
680 937 744 985 25,
774 937 838 974 61.
869 934 1120 988 patriosque
1148 933 1251 976 istic
1279 931 1535 987 sepelibis
1563 918 1758 974 honores.

302 1005 550 1048 Perfectum
588 1005 710 1048 verbi
749 1004 863 1059 quod
901 1010 968 1047 e'st
1006 1004 1100 1048 sino
1139 1004 1256 1060 apud
1293 1004 1537 1047 Ausonium
1578 1003 1698 1055 sini,
1750 1017 1834 1044 non

193 1078 276 1119 sivi
306 1082 395 1129 est3
422 1079 469 1119 in
500 1079 607 1132 prot.
639 1082 702 1129 17,
734 1081 818 1118 15.:

447 1148 678 1209 *Decedens
707 1147 900 1203 placidos
928 1161 1068 1190 mores
1095 1148 1423 1203 tranquillaque
1450 1148 1571 1190 vitae

456 1220 668 1276 Tempora
696 1220 922 1276 praedives
951 1220 1097 1264 sinisti
1125 1219 1225 1263 sede
1254 1219 1463 1263 Oadhrca.

303 1292 375 1336 Sic
404 1293 515 1349 legit
543 1293 632 1336 iam
658 1292 803 1345 Neue,
843 1306 971 1347 quem
999 1290 1195 1336 conferas
1222 1292 1251 1334 l.
1282 1306 1316 1335 c.
1345 1292 1405 1334 II.
1434 1306 1475 1347 p.
1505 1296 1598 1334 379.
1628 1304 1760 1346 quum
1789 1292 1833 1333 in

170 1363 460 1407 'editionibus
508 1378 584 1419 pro
623 1365 770 1407 sinisti
816 1364 952 1407 finisti
1003 1364 1189 1419 legatur.
1265 1364 1367 1407 Sine
1414 1363 1507 1406 ulla
1558 1363 1834 1406 dubitatione

194 1435 598 1491 sinistilegendum
626 1440 712 1479 est:
751 1450 853 1478 nam
881 1436 965 1479 loci
994 1436 1214 1479 sententia
1241 1436 1379 1480 finisti
1407 1439 1665 1491 aspernatur
1693 1448 1745 1478 ac
1773 1448 1834 1477 re·

193 1507 324 1563 spuit.
390 1507 547 1562 Itaque
586 1507 724 1551 finisti
760 1521 814 1549 ex
852 1521 993 1550 errore
1022 1507 1258 1561 editorum,
1299 1508 1457 1566 quippe
1486 1508 1633 1550 sinisti
1660 1522 1746 1550 non
1774 1508 1834 1549 in-

191 1578 517 1634 tellegentium,
547 1584 690 1622 ortum
716 1579 822 1621 mihi
850 1579 1036 1622 videtur.
1092 1579 1159 1622 De
1186 1580 1370 1636 perfecti
1397 1580 1536 1623 forma
1564 1580 1649 1622 sini
1677 1581 1732 1622 ef.
1760 1579 1834 1621 Al-

190 1649 381 1693 schefski
408 1650 466 1693 ad
492 1650 589 1693 Liv.
619 1655 657 1703 3,
688 1656 752 1704 18,
783 1655 820 1692 6.

295 1732 349 1776 In
378 1733 509 1777 verbo
540 1748 578 1788 q.
610 1748 644 1777 e.
675 1734 806 1790 potiri
836 1733 1057 1778 Ausonius
1086 1734 1195 1778 duas
1213 1734 1296 1778 ΠΙ.
1328 1734 1650 1792 coniugationis
1672 1734 1834 1777 formas

190 1804 382 1860 praebet.

299 1877 352 1921 In
383 1878 636 1922 monostich.
668 1878 719 1922 de
749 1879 837 1923 ord.
868 1878 971 1922 XII.
1000 1879 1199 1935 imperat.
1230 1883 1276 1922 5:

452 1950 660 1993 Claudius
688 1952 788 1994 hinc
816 1953 987 2007 potitur
1014 1966 1159 2009 regno.
1215 1953 1456 2007 Postquam
1486 1967 1558 2004 —3

192 2020 236 2063 in
267 2022 457 2077 epitaph.
488 2027 553 2075 35,
581 2028 627 2064 4:
657 2024 879 2078 potereris.
939 2024 1002 2066 Cf.
1031 2024 1181 2068 Heins.
1212 2024 1267 2067 ad
1296 2024 1421 2068 Ovid.
1449 2024 1557 2068 Met.
1590 2028 1654 2077 13,
1685 2028 1775 2066 130.

301 2108 571 2153 Gerundium
598 2111 727 2154 huius
756 2110 878 2155 verbi
907 2116 957 2155 ut
986 2111 1119 2169 vulgo
1132 2145 1143 2166 ,
1181 2113 1244 2155 sic
1282 2113 1416 2156 etiam
1443 2112 1560 2169 apud
1587 2113 1831 2157 Ausonium

107 2191 118 2194 ‘⁷
190 2180 426 2236 potiundus
464 2181 618 2238 (epigr.
650 2186 750 2235 100,
778 2182 838 2237 4.)
867 2187 945 2225 est.
1010 2183 1204 2226 Eandem
1244 2185 1444 2239 gerundii
1480 2186 1831 2228 terminationem

152 2279 155 2281 Δ
190 2252 306 2308 apud
342 2248 587 2296 Ausonium
623 2259 797 2309 praeter
832 2255 913 2299 hoc
943 2256 1187 2312 exemplum
1215 2257 1260 2299 in
1289 2271 1374 2300 uno
1403 2261 1579 2301 tantum
1608 2256 1739 2301 verbo
1770 2272 1831 2300 re·

188 2324 293 2380 peri.
349 2324 653 2382 Experiundus
681 2327 728 2369 in
757 2326 920 2383 ephem.
951 2326 1052 2371 Loc.
1082 2328 1171 2371 ord.
1200 2333 1238 2370 4.

297 2413 391 2457 Has
419 2413 637 2457 obsoletas
664 2416 825 2458 formas
854 2417 976 2458 verbi
1006 2430 1045 2470 q.
1076 2431 1111 2459 e.
1141 2431 1236 2460 sum
1252 2451 1262 2471 ,
1290 2418 1513 2461 Ausonius
1540 2419 1730 2461 exhibet.
1777 2420 1829 2460 In

189 2491 298 2542 sept.
328 2501 419 2543 sap.
449 2487 553 2530 Bias
582 2491 606 2529 9
636 2488 753 2541 fuat;
783 2488 897 2532 idem
924 2490 970 2531 in
1000 2489 1125 2545 epist.
1157 2493 1220 2532 16.
1251 2504 1313 2547 pr.
1343 2490 1431 2535 fors
1459 2490 1558 2534 fuas
1587 2494 1650 2534 ut.

296 2574 392 2617 Iam
421 2588 574 2631 operae
614 2580 680 2619 est
708 2578 897 2631 pretium
925 2578 1230 2620 nonnullorum
1258 2579 1489 2621 verborum
1517 2578 1829 2622 defectiverum

187 2645 359 2701 formas,
388 2661 498 2704 quae
528 2647 639 2692 alias
668 2653 747 2693 aut
774 2664 860 2693 non
890 2655 968 2693 aut
996 2663 1092 2695 raro
1122 2650 1341 2708 leguntur,
1371 2665 1424 2694 ex
1434 2650 1604 2695 Ausoni
1633 2644 1829 2694 carmini-

151 2752 160 2756 -
185 2715 268 2760 bus
295 2718 365 2760 hic
394 2721 553 2763 referre
581 2725 626 2764 et
655 2734 919 2776 componere

294 2808 337 2849 A
364 2808 496 2852 verbo
527 2810 640 2864 quod
681 2815 747 2854 est
787 2812 870 2854 fari
908 2812 1129 2855 Ausonius
1169 2817 1340 2868 praeter
1376 2812 1630 2857 tritissimas
1668 2812 1828 2855 formas

185 2878 327 2933 fatur,
356 2879 463 2934 fari,
494 2881 607 2936 fare,
637 2882 837 2937 fandum,
867 2883 1007 2938 fandi,
1035 2883 1165 2928 fando
1194 2885 1238 2927 in
1270 2890 1437 2941 parent.
1470 2888 1533 2938 19,
1565 2889 1627 2927 14.
1658 2885 1827 2927 fantis

183 2950 381 2996 exhibet:
