2056 3235
906 110 1071 163 -215
1130 103 1174 157 ζ-

489 230 586 274 Vox
615 231 754 275 solita
772 235 818 274 et
846 231 1293 285 cunctiwnotissima,
1322 232 1360 274 si
1388 244 1597 283 memores
1623 231 1706 282 lac,

489 300 575 347 Gur
601 293 908 358 condemnetur
934 301 1049 348 ratio
1077 302 1218 361 magis
1246 306 1297 347 ut
1325 302 1469 348 faciat·
1488 300 1611 352 lact?

357 372 503 432 Nubs
531 367 589 411 ε’
611 375 749 418 nubes
776 376 822 418 in
849 375 1048 430 technop.
1079 375 1131 418 de
1164 375 1266 418 hist.
1298 380 1362 417 12.
1429 373 1556 417 Nube
1594 374 1757 417 lectum
1796 378 1865 417 est

487 447 604 503 apud
630 447 724 490 Liv.
753 447 1071 500 Andronicum,
1098 447 1167 491 uti
1195 445 1373 490 Servius
1401 445 1528 489 docet
1554 445 1601 488 in
1630 458 1779 489 comm.
1809 444 1865 488 ad

485 518 616 576 Verg.
645 518 755 563 Aen.
787 523 851 573 10,
881 523 972 562 636.

335 590 480 647 ,Seps
509 606 562 627 =
592 591 811 646 sepesin
838 590 960 647 idyll.
992 595 1056 634 12.
1086 592 1357 648 grammatic.
1387 595 1450 632 11.
1489 602 1573 644 quo
1601 588 1697 632 loco
1726 588 1864 632 Auso-

485 662 584 704 nius
613 676 726 717 seps
756 661 952 706 Ciceroni
978 662 1149 706 tribuit.

353 733 521 775 Pavus
550 749 602 770 =
631 728 742 789 pavo
770 735 816 776 in
845 734 979 790 epigr.
1010 738 1076 788 69,
1104 739 1142 776 4.
1198 734 1347 789 Atque
1375 733 1475 776 inde
1503 731 1728 775 Ausonius
1756 731 1864 774 fecit

490 806 710 860 „pavam“‚
739 810 789 849 ut
817 806 1085 861 significaret
1113 819 1325 861 pavonem
1353 804 1570 847 feminam.
1628 801 1678 844 L.
1709 815 1766 843 c.:

591 875 797 932 Pavaque
826 876 878 920 de
906 891 1018 933 pavo
1048 877 1247 921 constitit
1276 880 1380 919 ante
1407 875 1568 919 oculos.

221 947 469 990 Procaoia
498 964 550 984 =
580 949 822 1003 procacitas
850 949 896 990 in
925 949 1050 1004 epist.
1082 952 1145 990 22.
1175 962 1237 1003 pr.
1468 961 1595 990 voees

221 1018 497 1062 Protervia
526 1036 578 1055 =
608 1021 869 1074 protervitas
898 1021 943 1062 in
972 1020 1095 1075 idyll.
1128 1023 1191 1072 10,
1224 1024 1314 1060 172.
1467 1018 1605 1061 Aneo-

221 1090 488 1143 Pfieritieffs
516 1107 568 1127 =
596 1092 784 1147 pueritia
811 1091 857 1134 in
884 1092 992 1148 prof.
1022 1091 1152 1134 Bmd.
1185 1095 1249 1144 10,
1280 1094 1343 1132 15.
1460 1090 1630 1133 nianae.

353 1162 644 1205 Poenitudo
673 1179 725 1199 =
755 1163 1026 1218 poenitentia
1064 1164 1108 1205 in
1148 1178 1238 1218 sap.
1269 1162 1394 1209 Thal.
1424 1166 1488 1211 22.
1553 1161 1727 1213 Eadem·
1756 1173 1862 1202 voce

483 1235 615 1277 etiam
642 1233 860 1277 Pacuvius
889 1248 993 1277 usus
1022 1238 1101 1278 est.

351 1306 513 1349 Rates
544 1321 595 1340 =
624 1306 733 1348 ratis
760 1306 806 1347 in
835 1307 961 1361 epist.
991 1311 1029 1358 2,
1057 1310 1095 1348 5.
1154 1306 1227 1348 Sic
1255 1304 1401 1348 Valar.
1431 1306 1558 1349 Eroh.
1589 1320 1630 1360 p.
1663 1310 1784 1347 1473.

353 1377 594 1420 Turturis
624 1393 676 1413 =
706 1381 887 1421 turtur
914 1378 961 1420 in
989 1376 1111 1433 idyll.
1142 1381 1193 1419 13
1222 1392 1283 1433 pr.
1315 1377 1368 1419 cf.
1396 1377 1635 1432 infra-cap.
1665 1381 1703 1419 3.

330 1464 550 1508 Nonnulla
587 1464 865 1507 substantiva
906 1464 1131 1508 Ausonius
1168 1478 1361 1521 apocopa
1395 1465 1585 1507 admissa
1619 1466 1859 1507 truncavit.

220 1537 272 1578 In
300 1528 422 1591 idyll.
454 1542 516 1578 12.
547 1538 835 1592 grammatic.:
874 1551 972 1592 gau
1000 1551 1078 1592 pro·
1106 1537 1284 1593 gaudio3
1330 1537 1442 1580 cael
1481 1552 1558 1592 pro
1593 1535 1717 1581 eaelo
1742 1535 1857 1590 (cael

220 1605 441 1653 Ausonius
475 1607 504 1651 1.
536 1621 569 1651 c.
601 1611 664 1651 17.
721 1607 861 1652 Ennio
895 1606 1155 1664 attribuit.);
1195 1607 1255 1651 do
1289 1620 1366 1664 pro
1402 1607 1527 1652 domo
1564 1607 1750 1663 (Graece
1778 1605 1857 1662 δῶ)

219 1680 440 1724 Ausonius
478 1682 533 1723 ab
573 1682 712 1724 Ennio
750 1685 978 1724 mutuatus
1015 1687 1105 1734 est,
1140 1682 1264 1723 cuius
1300 1681 1413 1724 illud
1449 1681 1583 1735 „endo
1622 1695 1746 1726 suam
1774 1679 1853 1725 do=“
1906 1691 1915 1697 ‘

219 1751 493 1797 notissimum
522 1758 600 1797 est.
657 1752 769 1797 Vide
797 1751 906 1796 Eun.
937 1758 1015 1809 ap.
1034 1752 1229 1798 Diomed.
1260 1756 1297 1796 2.
1326 1767 1367 1809 p.
1397 1755 1491 1796 436.

209 1893 212 1897 λ
327 1840 380 1883 In
409 1842 748 1897 grammaticom.
778 1855 903 1896 porro
931 1842 1140 1898 leguntur
1165 1842 1233 1894 al,
1274 1846 1384 1894 tau,
1424 1843 1544 1893 min,
1583 1855 1692 1895 quas
1728 1854 1856 1882 voces

218 1918 446 1956 truncatas
487 1915 532 1956 in
579 1913 744 1970 Vergili
787 1898 1027 1958 catalectis'
1063 1918 1257 1970 repertas
1299 1915 1433 1957 fuisse
1473 1912 1695 1956 Ausonius
1734 1910 1854 1954 dicit.

218 1983 303 2027 Pro
336 1984 428 2038 ‚,al“
459 1986 642 2028 fortasse
672 1985 823 2027 allium
852 1990 1131 2041 exspectatur
1159 1999 1236 2028 seu
1264 1985 1415 2037 alium,
1445 1998 1522 2027 seu
1550 1985 1669 2027 alum
1696 1984 1856 2039 postue,

220 2056 334 2110 quod
360 2057 524 2112 legitur
553 2072 619 2111 ap.
648 2057 760 2098 Plin.
790 2058 836 2099 in
860 2058 961 2100 hist.
991 2073 1031 2099 n.
1064 2062 1128 2109 19,
1149 2063 1185 2099 6.
1221 2058 1287 2099 De
1316 2071 1421 2100 voce
1453 2056 1592 2109 „min“
1623 2060 1669 2099 et
1698 2055 1856 2098 celtica

219 2141 324 2170 voce
357 2128 483 2180 „tau“
522 2128 607 2171 vid.
637 2128 768 2185 Verg.
806 2129 935 2173 catal.
967 2144 1034 2185 ap.
1065 2128 1215 2180 Quint.
1246 2134 1284 2172 8.
1313 2134 1350 2173 3.
1381 2133 1469 2181 28.,
1510 2128 1564 2171 cf.
1604 2127 1735 2171 huius
1769 2126 1855 2171 loci

218 2197 621 2253 interpretationem
651 2215 717 2256 ap.
749 2200 894 2257 Spald.
923 2201 969 2243 in
998 2201 1081 2243 vol.
1113 2205 1149 2242 3.
1179 2215 1219 2256 p.
1251 2205 1341 2243 231.

329 2287 606 2341 Aliquotiens
635 2289 817 2344 denique
845 2289 1066 2333 Ausonius
1094 2291 1140 2332 in
1168 2291 1321 2333 mediis
1349 2290 1529 2333 vocibus
1557 2289 1730 2333 vocales
1759 2303 1855 2344 syn-

219 2371 327 2414 copa
342 2358 530 2402 admissa
559 2362 783 2417 oppressit.
826 2361 1006 2404 Praeter
1033 2362 1193 2404 formas
1223 2362 1323 2403 aliis
1352 2374 1523 2416 quoque
1551 2361 1692 2416 poetis
1721 2360 1855 2402 tritis-

219 2431 374 2474 simas:
417 2433 598 2483 „saecli“
629 2434 675 2476 in
703 2436 836 2491 epigr.
867 2439 930 2476 26.
962 2439 1019 2487 3.;
1056 2435 1202 2478 vincla
1240 2435 1284 2477 in
1322 2435 1457 2491 eclog.
1494 2434 1548 2476 de
1583 2438 1668 2477 rat.
1706 2448 1853 2490 puerp.

219 2507 322 2546 mat.
351 2506 403 2545 42
433 2493 540 2546 haec
569 2505 765 2562 exempla
793 2505 1038 2549 observavi:

352 2592 544 2634 ossicla
572 2594 618 2634 in
645 2594 772 2651 idyll.
800 2599 850 2636 13
879 2609 964 2650 pr.;
992 2596 1045 2637 In
1072 2600 1239 2650 parent.
1271 2601 1309 2647 4,
1340 2601 1404 2636 26.

352 2665 477 2716 0010,
506 2666 619 2719 quod
648 2666 894 2710 emendavit
922 2666 1122 2724 Scaliger.
1147 2666 1261 2722 (ocle
1274 2665 1390 2721 tuo);
1422 2665 1644 2720 „oolervo“
1676 2665 1856 2723 praebet

62 2718 65 2720 ‚
132 2797 134 2799 Υ
218 2738 346 2779 vetus
374 2735 506 2791 liber,
555 2751 631 2794 pro
661 2751 745 2794 quo
774 2742 989 2784 corrector
1015 2738 1321 2797 Lugdunensis
1359 2739 1651 2794 „exstineto“‚
1688 2738 1857 2783 Tollius

221 2811 379 2860 „atque
407 2811 533 2861 uno“‚
561 2810 639 2876 alii
666 2811 787 2853 aliud
815 2811 1150 2855 substituerunt.
1190 2812 1253 2854 Cf.
1283 2812 1443 2855 Theob.
1472 2812 1643 2864 Rhaese
1671 2813 1717 2854 in
1747 2825 1858 2868 com-

219 2883 350 2923 ment.
374 2879 433 2928 ‚de
460 2894 507 2924 re
534 2881 716 2926 metrica
742 2880 913 2926 Ausoni
939 2897 980 2939 p.
1011 2887 1047 2925 8.

327 2967 552 3024 Hactenus
574 2969 631 3012 -de
651 2970 1036 3018 xmbstmfivorum
1055 2973 1372 3024 *ten-minatione
1384 2973 1736 3028 ,ὥοριιταγίωῃες
1770 2973 1858 3025 iam
