2056 3235
853 736 1168 814 ParsI.

244 911 530 968 Generale
566 913 635 966 de
671 914 1010 969 Ausoniano
1048 927 1318 968 sermone
1353 913 1672 980 iudicium3
1706 912 1775 966 de

699 1011 906 1061 graeco
942 996 1070 1051 eius
1106 997 1322 1051 colore.

295 1150 546 1206 Antequam
581 1151 632 1194 de
661 1152 829 1194 Ausoni
863 1152 1204 1207 proprietatibus
1241 1151 1412 1194 dicendi
1441 1151 1697 1207 singulatim
1727 1165 1826 1207 aga-

188 1237 303 1275 mus,
341 1223 492 1278 paucis
522 1223 613 1265 eius
642 1227 844 1265 naturam
873 1224 1080 1266 sermonis
1109 1224 1154 1265 in
1183 1223 1431 1266 universum
1461 1224 1752 1280 perstringere
1777 1223 1825 1266 li·

190 1298 299 1338 ceat.
335 1293 481 1344 ,Quae
519 1308 587 1336 res
625 1294 750 1336 nobis
784 1298 994 1349 tanquam
1023 1295 1353 1337 fundamentum
1382 1295 1485 1347 erit,
1515 1309 1599 1350 quo
1628 1295 1713 1337 nisi
1743 1295 1826 1337 sin·

187 1366 315 1422 gulas
361 1366 649 1422 proprietates
697 1365 931 1421 indagatas
978 1366 1152 1409 facilius
1200 1367 1245 1408 in
1283 1370 1450 1409 certum
1488 1365 1679 1413 ordinem
1719 1365 1826 1415 redi-

187 1451 290 1494 gere
317 1438 541 1493 possimus.

298 1510 519 1554 Ausonius
550 1509 722 1552 saeculo
752 1509 829 1552 IV.
859 1525 899 1566 p.
921 1510 1032 1564 Chr„
1061 1511 1177 1554 omni
1207 1510 1480 1566 eloquentiae
1510 1510 1828 1566 eruditionique

187 1583 458 1637 iniquissimo
471 1615 481 1635 ,
511 1582 677 1634 editus,
709 1595 791 1636 quo
821 1582 993 1624 saeculo
1024 1583 1162 1624 oratio
1191 1582 1422 1636 pedestris,
1451 1583 1572 1624 inani
1600 1582 1829 1625 verborum

135 1709 138 1711 Δ
187 1652 468 1697 volubilitate
498 1658 543 1697 et
571 1653 753 1709 poeticis
782 1654 919 1710 tropis
946 1654 1222 1710 licentiisque
1250 1655 1422 1708 fucata,
1466 1655 1590 1710 quasi
1630 1654 1710 1699 flos
1737 1654 1828 1697 her-

180 1725 498 1780 maphroditus,
526 1725 679 1767 horum
710 1726 850 1778 poesis
880 1730 986 1777 erat,
1017 1740 1123 1780 quos
1153 1739 1276 1768 musa
1304 1727 1506 1779 ingenua,
1535 1726 1662 1769 ardor
1688 1728 1827 1781 vigor-

188 1810 271 1852 que
299 1798 497 1852 poeticus
525 1797 617 1850 vel,
646 1802 696 1840 ut
724 1797 875 1852 paucis
906 1797 1280 1853 comprehendam,
1320 1798 1586 1854 ‚,ingenium,
1622 1808 1741 1842 mens
1764 1797 1845 1848 ‚di--

186 1869 327 1911 vinior
365 1872 497 1923 atque
536 1882 583 1910 os
622 1882 781 1923 magna
821 1869 1099 1911 sonaturum‘⁴
1140 1869 1270 1924 plane
1312 1869 1559 1912 deficiebat:
1605 1870 1689 1912 etsi
1726 1883 1829 1924 prae
1886 1888 1888 1891 ·

187 1941 342 1982 ceteris
371 1940 537 1994 ingenii
565 1939 865 1994 magnitudine
906 1940 1172 1983 antecellens
1209 1945 1384 1983 tantum
1422 1940 1571 1992 abest,
1609 1945 1661 1983 ut
1698 1953 1830 1982 sanus

186 2024 263 2065 per
290 2011 358 2053 sui
387 2010 551 2054 saeculi
580 2025 741 2053 naevos
769 2012 996 2066 faecesque
1026 2012 1235 2064 evaserit,
1276 2017 1326 2055 ut
1363 2012 1505 2055 omnia
1541 2012 1689 2068 ingeni
1718 2012 1830 2055 vitia

186 2084 278 2126 cius
307 2083 541 2126 imbiberit.
595 2083 702 2126 Inde
732 2083 899 2126 Ausoni
930 2085 1122 2127 carmina
1152 2100 1178 2126 a
1207 2084 1378 2139 poetica
1399 2085 1456 2136 vi,
1484 2085 1649 2140 ingenii
1679 2084 1827 2138 aliqua

184 2154 420 2208 felicitate,
460 2156 777 2198 sententiarum
818 2157 1038 2211 gravitate
1080 2160 1124 2198 et
1154 2156 1384 2198 maiestate
1423 2155 1610 2198 multum
1653 2155 1825 2198 absunt.

186 2225 250 2269 Of.
279 2226 418 2268 Heine
447 2240 591 2281 opusc.
621 2225 698 2268 VI.
729 2241 769 2281 p.
799 2230 853 2268 40
882 2241 973 2281 sqq.
1032 2226 1117 2269 Sed
1145 2226 1245 2269 inde
1275 2231 1319 2269 et
1349 2227 1442 2269 eius
1473 2227 1658 2269 sermoni
1685 2227 1827 2270 multa

184 2298 356 2350 insunt,
405 2311 515 2352 quae
543 2298 730 2352 puritati
757 2298 935 2354 linguae
978 2298 1165 2340 Latinae
1204 2299 1380 2339 minime
1423 2299 1698 2341 conveniunt.
1764 2297 1829 2339 De

118 2394 125 2398 -
185 2369 343 2423 quibus
372 2369 495 2411 vitiis
523 2369 611 2411 iam
639 2368 815 2411 uberius
845 2369 1065 2411 disseram.

292 2440 460 2483 Ausoni
490 2440 641 2492 stilus,
679 2446 729 2482 ut
775 2441 964 2482 omnium
1005 2441 1094 2482 fere
1134 2441 1209 2494 qui
1247 2440 1340 2481 eius
1378 2440 1551 2481 saeculo
1590 2439 1829 2483 floruerunt

182 2516 429 2569 poetarum,
468 2510 744 2554 duriusculus
772 2516 850 2554 est.
907 2510 1043 2554 Recte
1071 2510 1279 2554 Erasmus
1308 2511 1351 2553 in
1383 2509 1663 2553 Ciceroniano
1692 2510 1829 2554 Auso-

182 2571 305 2626 1113111
343 2584 443 2626 aevi
480 2583 667 2626 indolem
707 2587 908 2625 accurate
949 2587 993 2625 et
1029 2584 1213 2638 carptim
1252 2583 1509 2638 perstringit
1523 2614 1533 2634 ,
1572 2596 1669 2624 cum
1707 2583 1826 2635 dicit,

183 2655 352 2698 Ausom‘
390 2656 541 2699 stilum
579 2659 775 2709 tempora
803 2654 905 2707 illa,
935 2655 1062 2696 aulae
1093 2654 1272 2696 delicias
1301 2658 1345 2696 et
1374 2653 1597 2697 licentiam
1639 2654 1827 2709 resipere

120 2724 126 2727 λ
184 2725 289 2780 (vid.
321 2725 495 2769 Ausoni
534 2728 672 2769 vitam
713 2740 764 2767 ex
805 2725 961 2768 Vineto
1002 2727 1045 2767 in
1086 2725 1202 2768 Tolli
1241 2725 1342 2767 edit.
1373 2739 1412 2780 p.
1445 2723 1571 2779 819.).
1641 2725 1828 2768 Latinus

183 2814 321 2843 sermo
360 2799 582 2842 doctorum
623 2803 729 2842 tunc
758 2813 784 2840 a
812 2798 966 2840 nativa
995 2798 1306 2852 perspicuitate
1342 2802 1385 2839 et
1425 2796 1731 2851 simplicitate,
1771 2797 1827 2842 ab

182 2870 450 2914 inartificiali
480 2871 663 2925 quodam
694 2871 834 2912 nitore
855 2869 1097 2911 desciverat
1119 2869 1485 2922 aberraveratque
1515 2869 1559 2910 in
1589 2869 1828 2910 orationem

80 2977 86 2987 2
116 2995 119 2997 ,
181 2942 404 2999 turgidam
433 2956 484 2983 ac
514 2946 769 2984 contortam.
835 2940 967 2983 Cuius
996 2942 1059 2981 rei
1087 2941 1216 2982 testis
1257 2953 1385 2982 verus
1424 2941 1509 2981 iam
1546 2940 1831 2994 Symmachus

184 3019 277 3068 est,
306 3015 380 3069 qui
410 3015 454 3055 in
485 3015 609 3067 epist.
642 3018 678 3065 3,
711 3019 792 3054 11.:
824 3012 977 3054 Trahit
1008 3027 1107 3057 nos,
1137 3012 1294 3065 inquit,
1324 3025 1427 3053 usus
1458 3013 1664 3066 temporis
1696 3013 1736 3052 in
1768 3026 1830 3059 ar-

1435 3088 1454 3122 1
1474 3082 1496 3104 >k
