2056 3235
1127 83 1150 103 x?
1203 101 1205 103 ,

918 208 1164 246 <.-8-.

220 306 370 371 gutias
397 314 645 370 plausibilis
675 316 893 358 sermonis.
952 315 1097 365 Quare
1126 317 1307 371 aequius
1337 316 1521 361 admitte
1548 288 1869 375 linguam-§aea

221 386 308 428 culi
336 387 475 429 nostri
506 391 550 430 et
579 386 726 429 deesse
767 387 867 429 huic
904 388 1114 443 epistolae
1149 389 1330 432 atticam
1366 390 1601 434 sanitatem
1628 389 1732 434 boni
1768 378 1893 447 cons-4
1988 382 2020 419 Τ*

221 458 326 499 sule.
395 457 458 500 Cf.
488 458 614 501 Ferd.
645 459 797 512 Haud,
833 459 1061 502 Lehrbuch
1093 460 1167 502 des
1195 460 1484 503 lateinischen
1514 460 1635 503 Stils.
1665 475 1763 518 pag.
1797 463 1859 503 79.

220 528 441 571 Summam
472 530 681 572 sermonis
712 530 976 586 elegantiam
1011 536 1117 574 tunc
1153 530 1421 573 affectabant
1447 532 1493 572 in
1520 532 1667 574 ieiuna
1696 545 1862 575 concer-

218 600 388 643 tatione
419 605 552 655 atque
582 602 700 644 inani
733 601 961 645 verborum
992 603 1200 658 strepitu,
1229 602 1322 654 vel,
1352 606 1401 645 ut
1431 616 1515 645 uno
1545 602 1677 646 verbo
1707 603 1873 655 dicam,
1971 629 1980 638 ·

219 673 261 712 in
293 672 386 713 stili
415 676 596 714 tumore.
637 673 770 715 Cuius
799 674 860 714 rei
891 678 1100 728 tanquam
1131 674 1501 729 elegantissimum
1523 674 1765 729 exemplum
1794 679 1859 717 est

217 745 354 799 ipsius
385 744 552 787 Ausoni
583 743 835 787 Gratiarum
866 746 981 788 actio
997 779 1006 797 ,
1036 760 1110 799 pro
1141 745 1370 788 consulatu
1400 745 1606 800 epistola,
1634 736 1860 802 panegyri-

221 830 295 858 cus
332 816 431 869 ille,
468 817 583 859 omni
619 816 847 858 verborum
877 820 1043 859 tumore
1076 830 1125 858 ac
1156 817 1342 871 strepitu
1376 816 1624 859 calamistro
1651 820 1860 871 tanquam

216 888 412 930 adhibito
452 888 675 942 praeditus
716 893 848 942 atque
888 888 1078 930 inflatus.
1148 888 1233 937 Qui
1262 888 1406 930 inanis
1435 888 1663 931 verborum
1692 889 1859 932 sonitus

217 960 495 1014 ambitusque
525 960 755 1014 praecipue
777 965 823 1000 in
844 960 1014 1014 magnis
1038 960 1264 1015 longisque
1285 959 1471 1014 periodis
1494 961 1695 1002 cernitur.
1737 960 1858 1009 Quae

219 1035 503 1087 „stagnantes
532 1031 673 1072 instar
703 1030 837 1071 effuso
868 1035 1063 1072 torrente
1094 1030 1254 1084 aquas“
1287 1030 1531 1073 redundant
1562 1032 1685 1086 copia
1712 1031 1859 1074 verbo-

214 1116 310 1143 rum
338 1116 390 1143 ex
420 1101 705 1157 grandiloquo
738 1115 808 1142 ore
839 1100 1089 1142 effusorum:
1124 1101 1369 1144 consistunt
1398 1101 1858 1156 plerumque—atque

215 1173 323 1216 haec
355 1187 526 1215 summa
556 1187 702 1215 earum
734 1171 861 1213 debet
892 1186 983 1213 esse
1015 1172 1234 1227 elegantia
1264 1172 1654 1227 in-syllabarum
1685 1173 1768 1215 sibi
1797 1187 1857 1215 re-

213 1245 516 1299 spondentium
547 1245 771 1299 acquitate
802 1258 851 1285 ac
883 1243 1118 1297 parilitate.

325 1315 405 1358 Cui
434 1316 496 1357 rei
525 1329 659 1358 unum
688 1320 862 1357 tantum
893 1315 1135 1369 exemplum
1176 1329 1227 1356 ex
1258 1313 1511 1357 Gratiarum
1546 1316 1716 1357 actione
1751 1316 1857 1369 peti·

213 1394 305 1430 tum
337 1388 587 1430 adiunxisse
617 1387 813 1429 sufficiet.
872 1387 919 1427 L.
951 1400 983 1427 c.
1015 1387 1057 1427 in
1089 1388 1127 1437 ξ.
1161 1390 1183 1426 2
1213 1386 1423 1441 legimus:

367 1493 373 1500 .
408 1494 414 1500 .
447 1459 523 1501 sed
551 1472 861 1514 usquequaque
892 1458 1059 1513 gratias
1090 1472 1191 1513 ago,
1220 1462 1313 1500 tum
1343 1462 1511 1510 tacens,
1540 1463 1634 1500 tum
1662 1456 1856 1512 loquens,

213 1538 307 1575 tum
336 1533 381 1573 in
413 1536 538 1575 coetu
566 1531 808 1583 hominum,
847 1534 941 1573 tum
979 1530 1069 1584 ipse
1099 1543 1287 1582 mecum,
1324 1534 1368 1572 et
1399 1543 1496 1571 cum
1524 1542 1628 1572 voce
1657 1529 1781 1584 patui
1811 1533 1854 1571 et

215 1619 311 1646 cum
341 1603 627 1646 meditatione
657 1604 813 1645 secessi
844 1635 1055 1644 ......

319 1676 374 1718 ld
403 1689 539 1732 genus
577 1675 773 1729 exempla
810 1674 837 1715 1.
869 1687 901 1715 c.
944 1688 1078 1728 usque
1118 1673 1171 1715 ad
1214 1672 1439 1716 fastidium
1479 1673 1619 1716 multa
1656 1673 1853 1729 legimus.

215 1748 301 1797 Qui
331 1748 538 1790 sermonis
568 1753 712 1789 tumor
742 1760 789 1788 eo
819 1746 959 1802 magis
989 1745 1166 1787 auribus
1196 1759 1324 1801 aegre
1353 1745 1552 1788 ferendus
1582 1749 1667 1798 est,
1695 1745 1853 1801 quippe

212 1821 286 1875 qui
316 1820 557 1863 sententias
588 1832 716 1872 saepe
745 1817 952 1873 neglegat
981 1823 1024 1859 et
1056 1817 1268 1859 obscuret.

324 1891 431 1934 Cum
460 1891 541 1932 hac
572 1894 718 1931 autem
752 1889 925 1941 fucosa,
964 1888 1141 1943 turgida
1179 1889 1499 1943 artificiosaque
1537 1889 1743 1932 sermonis
1780 1902 1852 1931 na-

211 1970 313 2007 tura
343 1964 432 2007 alia
461 1962 679 2005 artissime
710 1961 939 2003 cohaerent
968 1961 1091 2002 vitia.

320 2036 387 2077 Ac
427 2035 610 2090 primum
649 2033 860 2075 novitatis
900 2031 1120 2074 Ausonius
1159 2031 1378 2074 studiosus
1418 2038 1524 2076 erat.
1600 2033 1725 2076 Nova
1763 2023 1863 2088 per?

210 2108 349 2150 multa
387 2107 515 2148 finxit
554 2105 768 2147 vocabula
803 2118 940 2158 neque
971 2119 1067 2146 raro
1097 2119 1232 2147 novas
1262 2119 1407 2147 eorum
1436 2105 1776 2161 significationes
1806 2110 1851 2148 et

208 2179 551 2222 terminationes.
600 2175 724 2225 Quod
754 2176 945 2219 studium
975 2176 1171 2230 inprimis
1200 2177 1245 2217 in
1275 2176 1454 2219 vocibus
1484 2177 1732 2232 compositis
1760 2190 1851 2232 per—

208 2251 404 2305 spicitur.
462 2248 672 2302 Exempla
703 2249 792 2290 suis
822 2261 1017 2302 quaeque
1049 2248 1152 2290 locis
1181 2248 1295 2290 infra
1323 2249 1578 2292 inserentur.

318 2321 429 2363 Tum
460 2320 700 2362 archaisnio
730 2319 952 2361 Ausonius
982 2332 1219 2362 sermonem
1256 2333 1381 2362 suum
1416 2321 1634 2363 maculare
1662 2333 1746 2362 non
1776 2319 1849 2361 du-

206 2393 383 2435 bitavit.
442 2391 568 2440 Quod
600 2392 755 2432 vitium
798 2406 901 2433 sane
931 2392 1236 2445 scriptoribus,
1276 2393 1350 2446 qui
1377 2393 1546 2436 Ausoni
1575 2391 1747 2435 saeculo
1776 2390 1849 2435 flo-

205 2470 408 2516 ruerunt,
450 2478 672 2506 commune
704 2468 809 2506 erat.
867 2462 1002 2507 Velut
1032 2462 1336 2519 Symmachus,
1378 2464 1445 2507 vir
1479 2464 1682 2507 dexterae
1712 2462 1847 2522 erudi·

204 2538 348 2590 tionis,
378 2538 422 2578 in
453 2537 578 2592 epist.
599 2541 635 2588 3,
657 2540 723 2577 44.
753 2536 938 2592 ingenue
968 2537 1144 2589 fatetur,
1174 2551 1219 2579 se
1248 2534 1492 2590 ἀρχαϊσμὸν
1522 2536 1739 2580 scribendi
1757 2533 1846 2578 ‘non

204 2610 391 2652 invitum
411 2609 631 2651 affectare.
666 2608 822 2651 Multis
852 2609 1075 2651 vocabulis
1096 2609 1318 2652 Ausonius
1338 2623 1444 2652 usus
1474 2614 1554 2661 est,
1586 2608 1685 2650 aliis
1713 2607 1844 2663 paulo
1906 2609 1909 2611 ’

203 2682 344 2738 magis
372 2681 550 2736 priscis,
590 2680 689 2723 aliis
720 2680 949 2732 obsoletis,
991 2682 1327 2736 saepissimeque
1356 2680 1553 2724 obsoleta
1582 2694 1735 2723 vocum
1762 2684 1845 2723 ter·

202 2754 439 2797 minatione
480 2758 524 2796 et
563 2753 865 2796 declinatione.
951 2753 1159 2808 Exempla
1195 2753 1280 2795 huc
1320 2752 1563 2796 revocanda
1600 2752 1716 2794 infra
1754 2751 1844 2793 suis

201 2840 398 2880 quaeque
427 2825 534 2868 locis
565 2825 812 2867 afferentur.

309 2897 509 2951 Denique
539 2897 649 2939 satis
679 2897 908 2938 familiaris
937 2898 1131 2939 Ausonio
1162 2901 1256 2939 erat
1285 2896 1485 2948 licentia,
1525 2901 1574 2939 ut
1603 2897 1648 2938 in
1682 2895 1842 2938 Latino
1874 2944 1876 2946 ‚

199 2983 392 3011 sermone
424 2967 593 3011 Graeca
622 2968 886 3011 admitteret.
923 2969 988 3011 De
1019 2983 1105 3023 qua
1132 2983 1178 3010 re
1208 2969 1294 3011 iam
1324 2969 1392 3010 hic
1421 2968 1599 3011 uberius
1626 2966 1738 3008 mihi.
1761 2965 1875 3013 dis-4,

200 3040 426 3085 serendum
457 3044 546 3093 est,
590 3054 673 3096 quo
704 3041 814 3083 infra
846 3041 891 3083 in
919 3041 974 3083 iis
1003 3044 1175 3084 tantum
1206 3036 1576 3098 proprietatibus,
1609 3051 1716 3094 quas
1753 3036 1841 3079 Au·
1874 3040 1877 3042 ’

2037 3111 2055 3132 ἲ,
