2056 3235
875 156 1147 195 ..29-

748 339 1112 405 Quaestio
1171 337 1281 427 JV.

599 502 698 554 De
768 478 1426 567 pronominibus.

298 626 604 670 Pronominum
645 627 773 670 simul
811 629 1161 673 terminationem
1190 626 1552 685 significationem
1580 622 1829 666 declinatio-

189 710 286 739 nem
315 712 451 753 genus
479 699 812 753 respicientibus
841 714 1006 755 paucae
1035 704 1209 744 tantum
1238 698 1407 741 Ausoni
1441 697 1732 752 proprietates
1759 708 1824 736 no·

189 768 258 812 bis
287 769 505 812 notandae
535 774 650 822 sunt,
681 785 791 826 quae
820 786 966 815 omnes
995 774 1084 815 fere
1112 772 1227 814 inter
1255 769 1518 813 archaismos
1546 767 1776 810 habentur.

298 840 382 883 Pro
411 842 660 895 pronomine
688 843 781 897 ipse
809 843 1031 887 Ausonius
1060 858 1145 885 uno
1173 842 1268 885 loco
1311 839 1479 895 „ipsus“
1496 872 1507 890 ,
1544 839 1727 882 formam
1764 850 1829 879 co·

187 911 452 954 moediarum
489 913 773 968 scriptoribus
812 916 998 957 maxime
1036 914 1247 956 usitatam
1261 945 1271 964 ,
1309 910 1497 953 exhibet.
1562 909 1614 951 In
1650 907 1773 963 idyll.
1805 911 1828 947 7

189 997 249 1038 pr.
281 987 388 1026 extr.
446 982 667 1027 Ausonius
695 985 833 1029 Paulo
863 1000 940 1030 suo
970 986 1013 1029 S.
1043 985 1091 1027 P.
1122 985 1199 1027 1).:

451 1055 684 1111 Compedes
724 1072 831 1113 quas
870 1060 962 1114 ipse
1000 1059 1126 1109 feeit,
1164 1058 1285 1112 ipsus
1324 1060 1374 1098 ut
1411 1057 1557 1110 gestet
1583 1051 1707 1095 faber
1735 1049 1829 1105 (Sic

364 1165 367 1166 ⁷
710 1135 837 1173 vetus
866 1131 1044 1173 verbum
1073 1129 1229 1183 iubet).
1630 1172 1633 1174 ,

270 1198 428 1242 'Porro
458 1199 637 1255 antique
667 1201 779 1255 olli,
809 1200 934 1245 ollis
962 1216 1038 1258 pro
1071 1201 1186 1255 ‚,illi“
1220 1205 1264 1243 et
1292 1199 1382 1242 illis
1397 1197 1598 1260 vscripsit;
1627 1197 1673 1239 in
1701 1194 1826 1250 idyll.

187 1274 225 1321 6,
254 1274 318 1311 90.
994 1273 997 1275 ·

295 1341 355 1384 Et
381 1342 426 1383 in
457 1343 590 1399 eclog.
621 1344 672 1386 de
701 1351 782 1387 rat.
813 1360 959 1401 puerp.
989 1351 1093 1388 mat.
1122 1350 1182 1386 4.:
1217 1344 1316 1396 „sed
1343 1341 1563 1398 praesidet
1591 1341 1727 1384 ollis.“

184 1411 399 1456 Vetustus
427 1413 601 1457 dativus
634 1409 784 1470 ‚,quoi“
814 1416 979 1473 legitur
1004 1417 1051 1459 in
1078 1415 1202 1471 idyll.
1233 1420 1296 1467 11,
1326 1418 1408 1456 68.:

450 1484 563 1533 Quoi
601 1486 724 1541 logos
766 1492 843 1529 aut
880 1488 1105 1530 methodos
1146 1487 1301 1540 cuique
1343 1485 1613 1540 experientia
1658 1496 1825 1525 nomen.

711 1557 958 1616 (Scaliger).

185 1626 236 1668 In
267 1628 391 1682 epist.
424 1633 488 1680 16,
517 1633 604 1670 30.:
1511 1657 1514 1660 ⁴

448 1699 576 1749 Quoi
615 1716 738 1744 omne
783 1703 1004 1745 saeculum
1037 1705 1234 1745 ferreum.
1310 1701 1403 1756 (sio
1442 1701 1684 1753 editiones).
1759 1699 1825 1742 Of.

708 1772 847 1827 Neue,
874 1774 934 1816 Π.
962 1788 1003 1829 p.
1035 1777 1114 1816 165
1143 1788 1204 1829 sq.

293 1841 425 1884 Porro
468 1845 614 1897 queis
654 1850 698 1888 et
739 1846 885 1900 „quis“
927 1846 1148 1889 obsoletae
1183 1846 1324 1889 dativi
1352 1847 1515 1889 formae
1543 1844 1751 1900 leguntur
1779 1845 1824 1886 in

140 1904 142 1907 ¹
182 1912 372 1967 epitaph.
404 1918 468 1964 22,
499 1920 534 1956 1.
566 1920 622 1957 2.:
654 1916 788 1966 Queis
817 1918 962 1973 Mysia
990 1931 1172 1975 segnum
1201 1949 1415 1959 ......

150 1991 155 1995 “
184 1987 229 2026 et
255 1983 302 2025 in
332 1984 433 2028 clar.
464 1987 557 2029 urb.
588 1993 626 2040 8,
656 1994 701 2030 8:

446 2058 593 2103 Gallia
623 2062 719 2116 quis
748 2062 908 2119 fruitur
935 2085 989 2090 —

290 2129 359 2171 Mi
388 2145 465 2185 pro
495 2133 599 2174 mihi
639 2138 708 2176 ter
744 2139 919 2177 tantum
956 2134 1072 2189 apud
1110 2135 1353 2177 Ausonium
1392 2138 1551 2176 exstat.
1607 2134 1659 2175 In
1689 2134 1823 2190 epigr.

116 2210 123 2213 ·
183 2203 257 2252 51,
287 2205 324 2242 3.
381 2201 559 2247 Diceret
587 2205 685 2257 sed,
714 2206 807 2261 ipse
836 2206 1015 2257 vellem,
1043 2205 1190 2248 rhetor
1217 2205 1299 2248 hoc
1326 2209 1398 2247 mi.
1428 2228 1481 2235 —
1509 2204 1562 2247 In
1591 2205 1726 2260 epigr.
1760 2209 1823 2256 72,

183 2276 219 2313 2.
237 2276 307 2314 =1ni
335 2274 486 2327 pulcra
514 2280 602 2327 est3
633 2282 678 2320 et
705 2277 751 2319 in
781 2282 949 2321 centon.
978 2277 1159 2334 ingress.
1186 2278 1232 2320 in
1262 2277 1357 2320 cub.
1388 2282 1425 2319 8.
1493 2325 1501 2332 ,

290 2344 530 2390 Pronomen
545 2347 660 2402 istic,
690 2350 841 2404 istaec,
864 2351 990 2404 istoc,
1020 2364 1103 2406 quo
1134 2350 1287 2393 comici
1303 2349 1491 2394 Plautus
1514 2353 1560 2392 et
1579 2348 1823 2402 Terentius,

181 2418 411 2473 praecipue
439 2419 507 2460 usi
537 2424 652 2472 sunt,
680 2423 813 2464 etiam
842 2423 1065 2465 Ausonius
1092 2438 1178 2465 non
1206 2422 1357 2477 paucis
1384 2422 1493 2464 locis
1522 2421 1710 2464 exhibet.
1811 2463 1814 2466 .

290 2488 398 2533 Istic
428 2488 642 2547 (adverb.)
671 2492 717 2535 in
747 2494 873 2549 epist.
904 2498 953 2548 8,
983 2498 1068 2548 13.,
1107 2494 1212 2537 ibid.
1245 2498 1318 2548 25,
1348 2499 1412 2538 61.
1446 2494 1584 2538 istaec
1614 2491 1822 2548 (isthaec)

179 2560 225 2601 in
256 2561 389 2617 epigr.
421 2567 496 2613 27,
527 2568 587 2614 1.;
626 2568 735 2619 sept.
766 2580 856 2620 sap.
889 2573 934 2618 1,
966 2573 1001 2608 1.
1032 2566 1274 2620 (Ausonius
1302 2566 1461 2609 Latino
1491 2565 1738 2620 Drepano);
1776 2566 1822 2607 in

180 2635 289 2687 sept.
320 2647 409 2689 sap.
438 2634 545 2691 prol.
577 2640 651 2688 24;
681 2636 806 2692 epist.
839 2642 901 2680 17.
933 2640 971 2692 §-
1002 2642 1049 2691 53
1089 2637 1212 2682 Grat.
1243 2642 1327 2682 act.
1360 2642 1411 2680 70
1440 2636 1647 2693 (Suchaei
1676 2635 1821 2693 edit.);

179 2705 291 2747 istoc
329 2706 374 2747 in
414 2712 522 2763 sept.
553 2723 641 2763 sap.
674 2709 817 2752 Cleob.
850 2715 905 2763 8.;
945 2712 1060 2755 istuc
1088 2711 1210 2767 idyll.
1245 2716 1318 2763 17,
1350 2716 1438 2762 18.;
1465 2711 1608 2754 'istinc
1634 2710 1821 2766 perioch.

45 2756 47 2759 ’
180 2780 216 2818 9.
248 2776 325 2820 Od.

288 2849 373 2893 Pro
418 2853 663 2907 „quisquis“
706 2854 776 2896 vel
817 2856 1111 2911 „quicunque“
1152 2856 1396 2908 Ausonius,
1445 2856 1605 2899 Plauto
1643 2860 1821 2902 auctore

179 2936 296 2975 usuS,
326 2923 548 2978 quisque
578 2926 765 2981 scripsit.
822 2926 942 2983 Sept.
973 2942 1063 2983 sap.
1094 2932 1202 2971 sent.
1231 2928 1394 2972 Pittac.
1424 2933 1480 2971 5.:

440 2994 601 3050 Pareto
630 2996 719 3054 legi
747 2998 930 3054 quisque
957 2999 1098 3057 legem
1128 3001 1336 3045 sanxeris.
