2056 3235
848 129 1010 183 *sse
1066 152 1121 172 -2

270 243 487 300 'bativu'm
531 247 717 308 de‘n'i'q‘ue
763 227 853 315 unov
892 251 987 295 loeo
1033 262 1110 307 per
1151 251 1229 304 „u“
1276 250 1394 293 feeit.
1467 248 1521 293 In
1565 239 1807 305 ephemerd.

7 374 13 381 ,
88 331 95 350 ⁵
166 328 338 388 pareob.
370 331 451 370 18.:

432 398 634 463 „Sociata
662 406 784 441 sacro
811 396 1018 452 Spiritu.“

160 471 233 517 Of.
263 471 396 525 Neue,
425 471 460 514 Ι.
490 478 530 527 p.
561 473 788 513 3‘62-366.

823 615 869 655 V.
901 613 1157 659 neumatis.

280 715 447 766 Quinta
475 714 708 756 declinatio
738 713 1001 768 aliquotiens
1041 712 1157 768 apud
1184 713 1429 755 Ausonium
1455 712 1707 769 genetivum
1735 726 1811 767 per

174 788 246 840 „e“
279 791 324 831 et
352 800 428 842 per
459 786 522 839 ,‚i“
556 782 860 841 (geminatam)
884 783 1059 826 literam
1086 784 1208 826 facit.

280 858 362 900 Die
392 859 437 899 in
467 855 589 913 idyll.
622 843 686 908 14'‚
716 860 780 897 14.
837 854 891 898 In
921 854 1056 912 eclog.
1086 855 1139 898 de
1166 855 1336 898 ratione
1364 846 1618 899 librae'31.:

437 929 596 984 „Libra
625 920 694 971 die
724 928 945 983 somnique
975 942 1100 983 pares
1129 926 1392 972 determinat
1419 927 1585 972 horas.“

173 1002 235 1046 Of.
265 1002 395 1059 Verg.
427 999 583 1057 Georg.
606 1000 651 1054 ’1,
682 1004 794 1043 208.;

435 1073 569 1116 Libra
599 1073 667 1115 die
697 1073 919 1127 somnique
949 1087 1073 1128 pares
1102 1072 1179 1116 ubi
1207 1073 1361 1117 feeerit
1388 1073 1529 1117 horas.

185 1188 188 1189 ⁷
261 1145 356 1187 “Dii
384 1146 428 1187 in
460 1143 593 1200 eclog.
617 1149 655 1185 4.
687 1144 818 1197 (ratio
848 1144 950 1186 dier.
981 1146 1085 1187 anni
1112 1144 1345 1199 vertentis)
1378 1149 1413 1197 7,
1450 1149 1513 1186 12.
1570 1145 1669 1186 Huc
1698 1145 1813 1186 deni-

175 1226 257 1271 que
287 1216 423 1258 refero
453 1215 613 1258 formas
635 1214 901 1259 substantivi
914 1216 1179 1262 heterocliti:
1212 1215 1408 1272 ‚,requ.ie“
1430 1214 1613 1273 (genet.)
1632 1217 1677 1258 in
1692 1215 1813 1272 idyll.

175 1291 224 1340 4,
254 1291 314 1338 4.;
356 1291 400 1329 et
433 1288 629 1341 ‚,requie“
664 1286 791 1341 (abl.)
821 1288 866 1329 in
897 1287 1019 1331 Grat.
1049 1293 1134 1332 aet.
1164 1302 1204 1344 p.
1233 1292 1309 1329 301
1352 1289 1438 1342 (ed.
1469 1288 1584 1344 Bip.)

943 1579 981 1625 §-
1012 1579 1049 1618 3.

628 1684 693 1737 De
727 1696 895 1752 genere
929 1682 1357 1737 substantivorum.

289 1814 332 1855 A
361 1814 575 1855 communi
604 1817 895 1867 consuetoque
923 1815 969 1855 in
1004 1827 1086 1855 usu
1124 1812 1499 1856 substantivorum
1536 1827 1693 1869 genere
1731 1815 1819 1857 Au—

181 1886 329 1929 sonius
358 1885 489 1942 vulgo
518 1899 604 1928 non
632 1884 832 1928 discessit
861 1888 994 1940 atque
1023 1883 1239 1940 exempla,
1281 1897 1391 1939 quae
1417 1883 1489 1927 hio
1517 1884 1574 1927 ad
1600 1884 1820 1929 illustran-

182 1957 260 1999 das
287 1957 457 1999 Ausoni
487 1956 656 1998 dicendi
685 1957 975 2010 proprietates
1004 1956 1267 2007 afferuntur,
1303 1970 1388 1998 non
1416 1955 1611 1999 Ausonio
1647 1958 1820 2011 quidem

182 2028 264 2073 soli
291 2029 465 2084 propria
493 2033 608 2081 sunt,
638 2027 713 2071 sed
741 2031 842 2083 apte
871 2028 941 2070 vel
969 2027 1129 2071 ideireo
1158 2026 1528 2071 commemoranda
1546 2027 1652 2070 mihi
1676 2026 1820 2070 viden—

181 2106 274 2154 tur,
304 2105 354 2144 ut
382 2100 550 2143 Ausoni
580 2100 865 2151 auctoritate,
895 2100 1277 2154 quantulacunque
1307 2104 1395 2152 est,
1423 2100 1712 2152 illustrentur,
1741 2100 1820 2141 ful-

182 2174 365 2217 eiantur.

292 2262 437 2315 Ales,
476 2261 591 2316 quod
619 2259 870 2317 plerumque
900 2260 973 2315 (cf.
1001 2259 1146 2313 Neue,
1174 2260 1209 2302 I.
1240 2274 1278 2315 p.
1310 2260 1409 2316 634)
1448 2261 1701 2304 femininum
1741 2266 1821 2314 est,

183 2334 238 2377 ab
267 2334 462 2377 Ausonio
490 2334 729 2377 masculino
758 2347 914 2390 genere
944 2332 1105 2377 dieitur
1132 2333 1177 2375 in
1206 2332 1328 2388 idyll.
1361 2338 1424 2387 11,
1455 2337 1519 2376 16.
1551 2337 1614 2375 17.

293 2421 461 2465 Genere
498 2422 704 2465 feminino
734 2420 1013 2465 ab'Ausonio
1043 2421 1089 2463 in
1117 2421 1222 2463 inse.
1252 2426 1419 2477 parent.
1451 2425 1515 2464 19.
1546 2422 1733 2464 affinis
1764 2422 1822 2463 di-

184 2495 317 2547 eitur;
345 2495 452 2537 item
480 2495 649 2536 iuvenis
677 2495 723 2536 in
751 2497 917 2549 parent.
951 2498 1015 2547 12,
1043 2497 1080 2535 9.
1113 2497 1176 2543 19,
1206 2497 1243 2535 9.
1275 2508 1309 2535 e.
1337 2493 1474 2548 Neue,
1500 2493 1536 2536 Ι.
1566 2509 1606 2549 p.
1637 2493 1729 2536 618.

295 2565 437 2609 Oinis
467 2566 583 2622 apud
611 2566 852 2610 Ausonium
881 2569 925 2608 et
955 2565 1161 2608 feminino
1190 2580 1345 2622 genere
1374 2569 1454 2620 est,
1482 2566 1536 2608 ef.
1565 2570 1733 2622 parent.
1758 2569 1822 2618 27,

185 2643 243 2691 3.;
283 2643 328 2682 et
355 2637 595 2680 masculino
624 2638 669 2679 in
698 2639 807 2693 prof.
839 2642 913 2690 26,
946 2643 1008 2679 11.
1039 2643 1084 2681 et
1112 2639 1157 2680 in
1187 2638 1376 2693 epitaph.
1406 2640 1482 2691 38,
1512 2642 1549 2680 2.
1618 2637 1682 2681 Of.
1712 2652 1823 2693 quae

186 2710 237 2753 de
268 2723 423 2766 genere
452 2710 581 2752 huius
609 2709 729 2753 vocis
758 2710 933 2753 disserit
960 2709 1095 2763 Neue,
1123 2710 1158 2751 I.
1188 2724 1228 2765 p.
1260 2715 1352 2752 684.

292 2781 387 2824 Iam
416 2782 613 2824 venimus
643 2781 698 2824 ad
726 2781 880 2835 locum,
910 2782 961 2823 de
991 2795 1074 2837 quo
1104 2781 1233 2837 paulo
1262 2781 1440 2824 uberius
1456 2781 1726 2837 disputemus
1757 2796 1824 2823 ne-

186 2867 304 2896 eesse
333 2858 412 2896 est.
470 2854 523 2895 In
552 2854 677 2909 epist.
709 2858 746 2907 9,
776 2858 827 2895 33
857 2868 918 2909 sq.
949 2852 1082 2897 verba
1109 2853 1339 2910 leguntur:

446 2925 507 2969 Ut
537 2925 674 2969 multo
703 2926 876 2969 iaceant
904 2926 1103 2982 algarum
1131 2924 1322 2969 abducta
1350 2930 1534 2979 recessu,

448 2998 616 3057 Aspera
646 3012 756 3054 quae
785 2999 913 3041 testis
943 3002 986 3041 et
1015 2997 1159 3041 dulcia
1189 2997 1347 3042 farris
1376 2999 1586 3054 opimae.
