2056 3235
892 200 941 248 -3
1001 181 1054 219 2⁷
1108 196 1163 208 -

234 301 236 303 ·
314 279 484 344 Quibus
513 288 657 334 verbis
686 287 770 332 fide
791 287 968 341 tributa
995 302 1082 333 non
1095 264 1276 340 *oausam
1296 285 1449 338 habeo,
1477 298 1554 330 cur
1575 287 1730 328 neutro
1759 298 1845 327 non

203 359 350 416 potius
377 373 454 416 pro
484 358 654 412 dativo,
695 372 824 414 quam
853 359 990 410 amori
1017 372 1093 415 pro
1121 358 1318 406 ablativo
1346 356 1551 407 habeam,
1590 355 1846 411 praesertim

203 444 301 472 cum
328 430 385 473 ad
412 430 712 477 Ausonianam
741 430 925 483 formam
951 434 1135 484 utroque
1164 428 1438 484 respexerim.

212 508 229 513 ’
312 500 357 557 2)
412 501 541 551 Aliae
569 501 617 545 11
654 501 959 545 declinationis
986 501 1288 558 proprietates.
1352 499 1489 543 Recte
1517 500 1605 542 iam
1633 497 1776 551 Neue,
1815 497 1844 540 1.

202 588 237 615 c.-
266 571 326 616 II.
354 588 393 629 p.
432 577 495 615 15.
532 574 714 616 formam
749 574 943 629 genetivi
980 574 1196 629 „propri“,
1234 587 1363 628 quam
1397 572 1643 615 Ramshorn
1672 569 1844 624 (Gram-

200 649 303 688 mat.
335 649 409 698 27,
440 643 498 699 2.)
540 645 587 687 in
615 643 778 687 Auson.
809 649 917 699 sept.
948 660 1037 700 sap.
1074 644 1161 688 Sol.
1193 650 1257 688 28.
1294 643 1523 701 legendam
1563 657 1656 686 esse
1695 647 1844 686 censet

198 730 274 772 pro
303 716 465 772 proprii
493 715 717 759 refutavit.
774 715 1017 759 Memoratu
1047 717 1152 759 mihi
1174 731 1259 760 non
1289 716 1458 773 indigni
1486 715 1691 759 videntur
1718 728 1843 758 voca-

197 788 281 831 tivi
309 788 462 831 horum
500 787 719 830 nominum
749 786 966 842 (adiect),
1007 783 1198 843 quorum¹
1218 802 1343 833 casus
1379 791 1525 834 rectus
1562 788 1608 829 in
1637 788 1707 829 ius
1736 787 1841 838 exit,

198 860 356 917 quippe
386 874 483 909 cum
514 860 606 903 eius
635 859 805 917 generis
833 861 1026 904 vocativi
1059 860 1173 916 apud
1203 860 1312 905 alios
1353 860 1584 915 scriptores
1621 858 1841 902 rarissime

194 933 477 988 reperiantur.
514 931 675 974 Omnes
703 932 793 974 fere
820 932 866 973 hi
894 933 1088 975 vocativi
1116 932 1232 988 apud
1259 932 1500 974 Ausonium
1535 931 1623 983 „ie“
1655 930 1856 986 syllabis

195 1004 504 1049 terminantur:
1004 1010 1008 1014 ·

327 1074 578 1118 abstemie
607 1075 652 1116 in
681 1075 788 1130 prof.
820 1079 884 1127 15,
915 1079 960 1127 93
990 1075 1093 1118 ibid.
1127 1079 1191 1128 24,
1220 1079 1256 1116 9.

212 1193 215 1197 ,
288 1138 290 1140 ’
328 1146 602 1203 Cythereie
630 1146 676 1188 in
704 1145 827 1202 idyll.
858 1152 904 1200 8,
936 1152 1022 1199 26.;
1051 1147 1204 1202 impie
1235 1147 1360 1202 epist.
1393 1151 1468 1198 24,
1498 1150 1586 1197 34.;
1615 1145 1838 1188 Iunonie

455 1219 589 1275 eclog.
630 1219 680 1261 de
721 1219 800 1261 cal.
842 1224 891 1261 13
931 1221 1102 1273 (contra
1143 1219 1277 1275 eclog.
1317 1218 1369 1261 de
1397 1233 1528 1261 mens.
1568 1223 1614 1270 3,
1645 1222 1682 1261 9.
1722 1216 1837 1272 nai),

452 1291 614 1333 Martie
644 1291 689 1332 in
720 1290 822 1333 clar.
852 1291 944 1333 urb.
978 1295 1042 1342 13,
1073 1295 1108 1330 1.
1140 1294 1184 1332 et
1214 1290 1338 1345 epist.
1371 1294 1435 1342 24,
1457 1294 1542 1341 83.;
1570 1290 1689 1345 regie
1710 1290 1836 1344 epist.

457 1367 522 1415 20,
553 1367 616 1404 10.

299 1433 343 1488 3)
401 1434 523 1479 Inter
550 1435 710 1482 formas
740 1433 1052 1476 adiectivorum
1080 1434 1239 1477 tertiae
1269 1433 1572 1477 declinationis
1589 1434 1721 1475 unam
1740 1437 1835 1476 tan-

187 1510 283 1549 tum
310 1505 569 1547 inusitatam
596 1506 747 1559 reperi.
1431 1501 1434 1504 ’

298 1575 350 1620 In
379 1575 501 1632 idyll.
533 1580 597 1629 10,
627 1580 722 1631 164:
756 1576 976 1633 „deiuge
1005 1576 1179 1629 dorso“;
1209 1579 1489 1632 exspectatur
1515 1574 1674 1632 deiugi.

296 1648 522 1693 Hactenus
560 1649 612 1692 de
650 1648 819 1692 Ausoni
847 1649 1190 1706 proprietatibus
1219 1649 1264 1692 in
1295 1663 1377 1692 usu
1405 1648 1626 1703 nominum
1656 1647 1832 1692 adiecti-

187 1734 351 1765 vorum.

744 2070 1109 2135 Quaestio
1150 2071 1269 2133 ΙΙΙ.

543 2237 626 2289 De
660 2236 1002 2290 nominibus
1037 2238 1464 2292 numeralibus,

291 2369 472 2424 Propria
509 2369 703 2412 Ausonio
744 2373 811 2412 est
837 2370 1039 2422 licentia,
1079 2371 1277 2424 quamvis
1306 2383 1390 2412 non
1420 2371 1496 2411 uni
1523 2370 1719 2413 Ausonio
1749 2371 1823 2425 (cf.

179 2441 324 2493 Neue,
353 2441 420 2483 ·II.
450 2456 489 2495 p.
522 2440 643 2494 121),
684 2446 735 2484 ut
771 2442 981 2484 nonnulla
1008 2442 1250 2484 numeralia
1289 2442 1573 2485 distributiva
1611 2443 1823 2500 singulari

180 2525 358 2564 numero
388 2517 579 2569 usurpet.
649 2511 736 2563 Qui
764 2527 967 2556 numerus
996 2513 1231 2570 singularis
1261 2514 1481 2557 notionem
1510 2514 1823 2559 adiectivorum

178 2584 567 2641 proportionalium
595 2584 742 2637 habet,
772 2599 883 2639 quae
912 2590 1015 2629 sunt
1044 2586 1240 2640 simplex,
1271 2586 1442 2642 duplex,
1471 2587 1634 2642 triplex
1663 2592 1745 2632 etc.

290 2670 425 2714 Cuius
469 2672 638 2728 generis
686 2673 883 2728 exempla
929 2674 1036 2717 haec
1081 2673 1322 2717 observavi.
1412 2674 1466 2717 In
1504 2676 1694 2731 epitaph.
1731 2676 1818 2720 her.

178 2745 231 2784 33
273 2746 333 2784 1.:

234 2774 245 2795 ’
445 2814 609 2866 „Laeta
637 2790 706 2856 bis
735 2820 920 2859 octono
949 2817 1035 2860 tibi
1062 2818 1151 2860 iam
1178 2817 1259 2860 sub
1288 2818 1464 2861 consule
1491 2819 1667 2874 pubes.“

285 2884 339 2927 In
367 2884 490 2940 idyll.
522 2891 558 2939 1,
588 2890 657 2928 29:
691 2888 862 2940 „trina
888 2889 1056 2944 pietate
1082 2889 1321 2946 vigentes.“

285 2955 338 2997 In
366 2955 489 3011 idyll.
520 2961 583 3009 11,
617 2961 688 3001 12:

436 3026 490 3071 In
517 3029 651 3074 toties
679 3033 819 3076 terno
849 3032 997 3077 cornix
1024 3032 1220 3078 vivacior
1247 3048 1367 3080 aevo.
