2056 3235
361 268 637 331 signanter
665 275 709 317 in
740 273 864 319 Grat·
894 279 979 319 act·
1010 279 1033 316 9
1065 274 1151 330 (4):
1183 275 1580 331 omniasignanter
1608 279 1653 319 et
1677 254 1875 320 brevite}

493 344 697 388 indicare.

336 416 457 458 Haec
487 421 590 459 sunt
620 417 826 460 adverbia
836 417 1116 470 Ausoniana;
1145 419 1232 461 iam
1260 413 1470 461 nonnulla
1500 422 1576 462 se'u
1601 412 1768 462 vetus't'i
1795 419 1875 461 'se‘u
1993 471 2017 488 x
2043 406 2056 454 ἶ

229 502 335 531 usus
363 488 540 531 rarioris
569 488 675 531 mihi
705 489 964 544 proferenda
993 494 1108 533 sunt.

361 559 670 615 Properiter
698 561 743 602 in
773 565 942 615 parent.
974 565 1038 614 27,
1069 567 1106 602 1.

493 631 554 675 Et
584 633 721 674 amita
749 631 939 675 Veneria
970 633 1210 688 properiter
1238 633 1359 677 obiit.
1382 638 1400 656 -’

233 702 296 744 Of.
327 702 423 745 Att.
456 717 524 757 ap.
554 702 665 746 Non.
695 718 735 758 p.
769 708 869 755 155;
896 704 1032 756 Neue,
1061 704 1120 745 II.
1150 718 1190 759 p.
1215 708 1314 746 503.

348 773 538 818 Vetusto
569 774 798 827 adverbio,
850 790 889 830 q.
919 789 954 817 e.
983 789 1110 831 praes
1138 771 1360 818 Ausonius
1389 790 1493 819 usus
1522 781 1589 821 est
1617 777 1661 819 in
1701 775 1787 819 lud.
1824 776 1878 819 'de

231 852 340 900 sept.
373 862 463 900 sap.
494 847 661 888 Ludius
692 851 763 887 19:

497 916 716 974 Spondere
747 918 820 973 qui
852 934 941 972 nos,
972 933 1086 963 noxa
1116 919 1231 975 quod
1258 934 1384 976 praes
1414 923 1493 973 est,
1522 924 1656 965 vetat.

340 990 475 1032 Praes
504 990 617 1030 idem
647 1004 698 1030 ac
728 996 925 1044 praest03
957 992 1009 1031 cf.
1039 990 1184 1032 Plaut.
1216 993 1259 1031 in
1287 992 1406 1033 Pers.
1440 998 1485 1043 2,
1514 998 1561 1042 4,
1593 997 1655 1032 17.
1686 997 1729 1034 et
1758 993 1876 1034 Fest.

231 1062 311 1105 sub
342 1077 448 1106 voce
481 1062 671 1118 ‚,praes“.

340 1134 393 1175 In
432 1134 556 1188 epist.
599 1138 672 1185 25,
710 1139 773 1174 28.
814 1134 1035 1177 Ausonius
1075 1135 1321 1177 obnixum
1360 1149 1435 1190 pro
1476 1134 1680 1177 adverbio
1720 1134 1878 1178 obnixe

233 1206 429 1261 scripsit:

497 1278 704 1319 obnixum
734 1282 866 1320 taces.

344 1349 624 1393 Adiectivum
663 1364 907 1404 praeceps
946 1348 1014 1392 bis
1054 1349 1366 1393 adverbialiter
1406 1349 1593 1393 exhibet.
1660 1350 1713 1393 In
1743 1349 1877 1408 eclog.

235 1422 279 1463 in
311 1435 394 1476 quo
425 1435 570 1463 mense
601 1421 668 1476 qd.
701 1422 810 1477 sign.
844 1425 894 1462 12>
925 1416 1208 1477 (praeceps
1237 1421 1338 1476 ire),
1367 1420 1423 1463 id.
1453 1422 1499 1463 in
1528 1421 1649 1477 idyll.
1682 1425 1755 1475 10,
1787 1426 1877 1464 272.

343 1494 441 1535 Duo
472 1493 678 1534 adverbia
708 1493 929 1534 Ausonius
958 1508 1034 1547 pro
1066 1493 1296 1535 adjectivis
1335 1499 1530 1547 usurpat.
1595 1493 1649 1535 In
1678 1495 1812 1549 epigr.
1841 1499 1881 1545 4,

239 1571 293 1606 1.:
329 1564 558 1621 „penitis
587 1564 632 1605 in
662 1563 747 1606 oris
778 1563 1065 1615 occultatus“,
1095 1568 1139 1606 et
1167 1563 1289 1619 idyll.
1310 1568 1374 1618 17,
1393 1567 1450 1605 5.:
1481 1564 1680 1607 studiis
1700 1565 1879 1608 seorsis.

342 1638 501 1679 Missas
529 1638 641 1678 facio
670 1636 901 1678 nonnullas
929 1638 1295 1690 praepositiones,
1336 1651 1443 1690 quas
1478 1637 1700 1679 Ausonius
1728 1637 1880 1680 adver·

235 1708 413 1753 bialiter
441 1709 688 1764 usurpavit,
718 1716 838 1762 ante,
867 1712 984 1764 post,
1015 1721 1154 1764 super,
1185 1707 1298 1751 clam
1328 1708 1456 1764 (sept.
1488 1722 1579 1764 sap.
1609 1706 1696 1751 Sol.
1726 1706 1784 1764 4),
1814 1721 1879 1752 co·

237 1795 328 1822 ram
358 1781 485 1833 (orat.
519 1787 620 1821 inat.
653 1780 708 1832 13).
769 1780 831 1820 De
864 1795 949 1833 qua
977 1794 1023 1820 re
1054 1781 1250 1821 conferas
1279 1780 1414 1830 Neue,
1443 1781 1501 1820 Π.
1532 1794 1572 1833 p.
1604 1784 1695 1820 516.
1728 1785 1820 1820 528.

1468 1912 1487 1933 b

742 2076 1160 2141 Quaestio
1225 2077 1387 2140 VII.

639 2222 727 2274 'De
781 2222 1488 2287 praepositionibus,

351 2335 585 2389 Reliquum
615 2337 681 2375 est
711 2337 760 2374 u‘t
801 2332 952 2387 paucis
991 2332 1043 2374 de
1082 2332 1422 2387 proprietatibus
1459 2338 1609 2389 agam,
1650 2346 1758 2388 quas
1795 2333 1883 2376 Au-

242 2408 388 2450 soniu's
426 2407 470 2448 in
509 2419 589 2447 usu
633 2404 1001 2459 praepositionum
1040 2404 1185 2446 habet.
1253 2404 1422 2447 Ausoni
1456 2419 1581 2447 usum
1621 2406 1884 2449 coniunctio-

242 2496 343 2524 num
385 2479 631 2522 examinare
673 2478 846 2528 omittm
884 2491 987 2519 nam
1024 2476 1169 2519 omnia
1205 2477 1289 2518 huc
1326 2477 1566 2520 revocanda
1602 2478 1718 2527 iusto
1757 2477 1882 2520 modo

242 2552 440 2608 persequi
480 2550 688 2605 longioris
726 2548 889 2589 laboris
931 2549 1022 2590 fore
1058 2561 1180 2589 nemo
1221 2553 1309 2599 est,
1338 2549 1412 2601 qui
1441 2550 1624 2604 ignoret.
1708 2549 1759 2590 In
1801 2562 1883 2591 usu

330 2714 413 2757 fere,
437 2712 534 2747 cuius
557 2711 681 2746 ultima
704 2709 845 2756 syllaba
876 2718 1014 2756 semper
1034 2705 1241 2755 producitur
1270 2706 1329 2750 (cf.
1354 2706 1469 2752 Neue,
1493 2707 1543 2744 11.
1567 2719 1601 2755 p.
1625 2707 1726 2752 518),
1749 2718 1789 2742 ea
1814 2706 1883 2754 syl-

330 2774 410 2809 laba
434 2776 593 2819 correpta
618 2772 805 2818 profertur.
858 2770 968 2806 Porro
1004 2769 1130 2804 ultima
1164 2768 1301 2816 syllaba
1337 2769 1380 2804 ab
1404 2769 1563 2805 Ausonio
1587 2771 1747 2816 correpta
1770 2772 1824 2804 est
1846 2769 1884 2804 in

334 2833 512 2870 adverbiis
536 2833 650 2873 amicit
675 2835 708 2867 et
732 2832 890 2872 inimic&
936 2830 980 2866 In
1004 2829 1219 2877 heptastich.
1244 2829 1346 2866 Thal.
1370 2830 1403 2876 6,
1426 2830 1473 2866 5.:

506 2894 620 2935 Quum
644 2892 736 2927 falso
762 2892 895 2937 laudas,
916 2896 1002 2927 tunc
1026 2896 1061 2926 et
1084 2887 1198 2926 amici}
1222 2901 1336 2934 noces,

507 2960 620 2996 Quum
647 2965 727 2988 vere
752 2954 931 3000 obiurgas,
954 2953 1005 2988 sie
1027 2948 1173 2988 inimice
1196 2953 1307 2988 iuvas.

328 3020 495 3055 Attamen
520 3016 612 3051 nihil
636 3014 794 3063 impedit,
819 3015 1005 3060 quominus
1031 3015 1140 3049 aulice
1164 3018 1197 3048 et
1222 3014 1363 3049 inimice
1387 3024 1449 3061 pro
1466 3013 1640 3049 vocativis
1657 3013 1882 3061 accipiamus.

2020 1394 2037 1406 «1

2019 1425 2022 1432 v

2018 1470 2021 1482 1

2015 1500 2018 1507 ι

2016 1518 2019 1529 ι

2015 1664 2018 1683 i

2018 1692 2026 1730 *x
